4487 5685
1195 359 1303 418 πο

1186 345 1389 536 vicit
1460 463 1881 532 certamen
1956 460 2446 552 magnorum
2511 436 3192 560 Capitolinorum
3253 439 3524 562 primo
3613 467 3970 544 actum.-

1188 564 1347 648 Sed
1397 561 1589 676 quia
1662 556 2043 644 laudatus
2098 555 2470 644 Graecus
2533 556 2746 676 lapis
2809 575 2934 644 est
2979 557 3594 688 longiusculus,
3669 587 3762 652 et
3821 573 3926 660 ab

1188 681 1535 790 Ignari-a
1608 675 2063 766 illustratus
2098 735 2133 775 ,
2198 670 2516 762 idcirco
2545 673 2950 766 lectorem
2993 672 3098 762 ad
3143 675 3388 766 :llum
3427 679 3955 772 remittimus

1186 793 1522 882 ibidem.
3063 825 3070 832 ·

1311 931 1320 938 ·
1400 911 1637 994 Duae
1700 937 1893 994 vero
1954 908 2039 994 in
2082 907 2246 996 hoc
2318 907 2782 1022 Gymnasio
2853 909 3462 1026 peragebantur
3523 914 3918 1008 ludorum

1179 1027 1519 1144 species,
1563 1055 1861 1142 nempe
1924 1029 2356 1114 literarum
2391 1023 2680 1114 schola
2721 1087 2756 1130 ,
2816 1029 2908 1114 in
2971 1053 3135 1144 qua
3175 1025 3698 1146 philosophi,
3733 1035 3916 1124 rhe-
3971 1039 3981 1048 ’

1178 1165 1399 1232 tores
1438 1205 1464 1246 ,
1524 1163 1814 1258 poetae
1854 1203 1887 1246 ,
1970 1145 2272 1258 aliique
2341 1142 2502 1230 viri
2563 1141 2788 1230 docti
2841 1139 3317 1232 addiscendi
3411 1173 3664 1235 causa
3701 1213 3728 1254 ,
3839 1175 3922 1242 et

1180 1259 1577 1350 edocendi
1640 1289 2055 1377 quamque
2124 1261 2554 1346 scientiam
2627 1257 3268 1348 conveniebant:
3331 1263 3638 1352 alterae
3673 1265 3920 1358 ludo·

1176 1411 1366 1464 rum
1434 1377 1745 1494 species
1814 1395 2047 1462 erant
2104 1373 2606 1492 Gymnicae:
2679 1405 2728 1464 a
2785 1375 3133 1464 Graecis
3191 1377 3594 1478 Παγκρὶτια
3642 1437 3664 1472 .
3723 1405 3820 1478 et„
3869 1403 3918 1476 a

1174 1494 1489 1582 Latinis
1560 1491 2097 1608 Quinquatria
2160 1489 2613 1608 appellatae
2649 1551 2678 1598 ,
2745 1495 2890 1610 qui
2951 1492 3286 1610 quidem
3315 1493 3493 1586 ludi
3533 1495 3638 1586 ad
3673 1503 3911 1617 quin-

1176 1641 1334 1726 que
1378 1613 2009 1698 exercitationes·
2054 1605 2640 1724 redigebantur
2673 1667 2704 1712 ,
2773 1610 3088 1700 Cursus
3127 1642 3422 1730 nempe
3453 1677 3494 1722 ,
3537 1621 3850 1706 Luctae
3875 1682 3911 1723 ‚

1178 1729 1449 1814 Saltus
1496 1785 1523 1829 ,
1596 1727 1891 1831 Diaei,
1954 1743 2037 1812 et
2122 1727 2564 1836 pugilatus.
2630 1727 2754 1814 De
2809 1725 3038 1818 hisce
3096 1730 3332 1818 infra.

1402 1841 1711 1932 Schola
1784 1841 2122 1930 interim
2194 1845 2742 1960 Neapolitana
2807 1842 3065 1932 dnbio
3136 1847 3426 1964 procul
3487 1849 3684 1936 alias
3715 1875 3903 1936 om-

1170 1989 1317 2048 nes
1384 1991 1581 2048 cum
1650 1959 2057 2046 Graeciae
2090 2029 2121 2069 ‚
2192 1977 2371 2046 tum
2433 1959 2716 2050 Italiae
2791 1979 3116 2050 ceteras
3175 1964 3594 2080 superavit
3623 1965 3904 2072 nrbes,

1166 2075 1707 2193 hominesque
1780 2077 2153 2194 apprime
2224 2071 2592 2164 eruditos
2629 2137 2664 2180 ,
2755 2077 3328 2193 sapientesque
3407 2081 3902 2172 efformavit.

1169 2190 1485 2280 Ibidem
1558 2193 1777 2281 enim
1846 2193 2153 2312 primos
2200 2223 2255 2280 e
2327 2193 2686 2282 Graecia
2729 2192 2950 2284 viros
3007 2192 3566 2309 philosophos
3605 2202 3902 2286 evasis-

1163 2341 1251 2398 se
1318 2314 1623 2402 scimus
1658 2373 1682 2416 ‚
1752 2328 1843 2398 ut
1901 2309 2200 2398 sileam
2273 2307 2859 2398 celeberrimos
2915 2337 3210 2398 aureae
3253 2313 3542 2400 aetatis
3597 2334 3907 2429 poetas.

1176 2427 1401 2520 Hinc
1472 2445 1803 2518 constat
1876 2425 2338 2540 Virgilium
2395 2425 2477 2514 in
2513 2424 3068 2544 Neapolitano
3109 2423 3308 2514 ludo
3367 2459 3454 2514 se
3497 2430 3908 2520 efformas-

1158 2575 1301 2632 set
1378 2547 1555 2661 ipse
1626 2548 1851 2632 enim
1912 2541 2099 2632 heic
2172 2545 2464 2661 plures
2513 2572 2778 2632 annos
2859 2535 3020 2630 fuit
3087 2564 3458 2639 moratas
3502 2610 3535 2651 ,
3621 2564 3713 2638 ut
3787 2569 3906 2638 te·

1156 2679 1423 2749 statur
1466 2663 1552 2750 in
1622 2663 1784 2752 fine
1854 2657 2348 2776 Georgicor.
2423 2658 2659 2750 Haec
2727 2659 2922 2747 urbs
2983 2679 3154 2748 tam
3221 2663 3565 2750 celebris
3645 2663 3738 2750 in
3795 2667 3900 2752 li-

1158 2781 1477 2871 torariis
1542 2782 1795 2873 evasit
1864 2775 2590 2871 exercitationibus
2627 2846 2662 2888 ,
2733 2796 2826 2863 ut
2877 2795 3206 2897 praeter
3267 2779 3480 2869 alhs
3567 2811 3724 2871 una
3783 2782 3934 2871 in·-

1153 2914 1281 2991 ter
1350 2921 1659 2991 ceteras
1724 2928 1977 3021 usque
2040 2896 2288 2985 fuerit
2339 2890 2946 2985 commendata.
3015 2900 3184 2981 lam
3246 2894 3389 2983 illa
3427 2928 3530 2989 ex
3599 2920 3896 3015 suapte

1156 3014 1193 3129 ί
1264 3035 1353 3103 ut
1420 3018 1538 3105 ita
1606 3016 1875 3105 dicant
1946 3012 1981 3129 )
2052 3015 2440 3132 origine,
2495 3011 2860 3101 scientiis
2897 3012 3280 3101 omnibus
3353 3044 3533 3102 sese
3565 3014 3892 3105 addixit.

1148 3134 1263 3219 Et
1324 3154 1411 3219 ut
1470 3132 1993 3223 doctissimos
2046 3135 2624 3247 cuiuscunque
2687 3128 2870 3219 aevi
2917 3194 2946 3233 ,
3029 3146 3114 3217 et
3153 3129 3720 3249 cuiuscunque
3757 3164 3888 3219 re·

1152 3252 1421 3363 gionis
1496 3252 1715 3339 viros
1774 3266 2310 3367 praeteream,
2375 3254 2514 3364 qui
2549 3244 3804 3367 heic-turmatimconvenientes
3859 3314 3888 3358 ,

1150 3365 1237 3447 in
1310 3370 1663 3479 publicis
1720 3369 1939 3457 ludis
1984 3367 2111 3453 sui
2184 3364 2768 3482 experientiam
2845 3360 3318 3462 faciebant,
3391 3363 3624 3449 Statii
3684 3394 3884 3478 poe·

1150 3501 1279 3565 tae
1350 3487 1843 3571 auctoritate
1910 3483 2169 3600 liquet
2240 3508 2396 3570 suo
2467 3498 2836 3595 tempere
2941 3476 3450 3563 Graecanica
3515 3478 3806 3593 lingua
3851 3542 3880 3589 ,

1144 3627 1496 3708 necnon,
1560 3626 1641 3691 et
1704 3600 2012 3687 Latiari
2072 3598 2654 3714 Neapolitanos
2711 3592 3255 3679 adolescentes
3315 3595 3426 3680 ita
3517 3594 3878 3683 celebres

1142 3716 1473 3803 evasisse
1512 3780 1539 3823 ,
1605 3743 1719 3809 ut.
1756 3748 1951 3807 cum
2014 3718 2564 3825 Graecorum,
2627 3734 2812 3799 tum
2871 3710 3358 3797 Latinorum
3401 3730 3872 3817 auctorum,

1139 3854 1219 3915 et
1288 3840 1715 3953 praecipue
1780 3856 2213 3949 poetarum
2261 3838 2358 3928 jn
2419 3830 2882 3949 Gymnasio
2941 3827 3386 3910 certamina
3471 3826 3802 3911 inierint
3841 3890 3876 3931 ,

1138 3952 1336 4061 quin
1402 3970 1482 4037 et
1540 3954 1897 4071 praemia
1954 3950 2510 4063 deposuerint.
2579 3944 2812 4033 Vnus
2873 3970 3066 4065 91²⁰
3125 3937 3416 4047 ceteris
3476 3942 3882 4029 afferatur

1138 4069 1369 4153 Statii
1428 4094 1659 4185 pater
1696 4132 1727 4179 ‚
1780 4068 1925 4183 qui
1990 4066 2077 4149 in
2138 4066 2688 4179 Neapolitano
2747 4058 2948 4149 ludo
3013 4066 3307 4174 pueros
3345 4118 3352 4125 -
3393 4058 3482 4142 in
3575 4064 3874 4145 Home·

1132 4183 1355 4269 riana
1420 4186 1769 4277 lectione
1830 4182 2254 4269 instituere
2317 4183 2589 4295 coepit
2631 4244 2666 4283 ‚
2727 4199 2822 4264 ut
2881 4176 3103 4290 canit
3165 4174 3335 4288 ipse
3395 4172 3610 4261 filius
3681 4174 3878 4265 Silv.

1132 4296 1271 4380 lib.
1342 4302 1447 4387 V.
1514 4334 1677 4393 car.
1740 4302 1895 4390 111.
1960 4330 2039 4384 v.
2114 4306 2270 4401 146
2335 4320 2415 4383 et
2489 4328 2716 4415 seqq.
2783 4294 3012 4379 Hinc
3065 4288 3580 4405 Neapolitani
3677 4292 3884 4377 Ho-

1132 4426 1417 4503 mer-ici
1470 4422 1793 4507 salutati
1854 4450 1951 4507 eo
2014 4429 2397 4527 tempore
2443 4412 2695 4524 fuere·
2793 4416 3158 4495 Demum
3256 4428 3426 4495 tam
3521 4408 3874 4495 Graium.

1128 4560 1593 4619 sermonem
1655 4540 1971 4652 assequi
2032 4533 2458 4619 studuerat
2519 4528 2758 4632 Statii
2813 4545 3069 4643 pater,
3137 4524 3325 4609 licet
3353 4523 3851 4625 adolescens,

1126 4670 1227 4739 ut
1280 4644 1501 4737 filius
1538 4673 1777 4735 canat
1836 4648 2141 4741 ibidem
2200 4644 2458 4761 digito
2513 4640 3072 4737 monstratum
3133 4640 3378 4729 fuisse
3441 4663 3860 4759 tamquam
