<?xml version="1.0" encoding="UTF-8"?>
<!DOCTYPE html PUBLIC "-//W3C//DTD XHTML 1.0 Transitional//EN"
    "http://www.w3.org/TR/xhtml1/DTD/xhtml1-transitional.dtd">
<html xmlns="http://www.w3.org/1999/xhtml" xml:lang="en" lang="en">
 <head>
  <title>
</title>
<meta http-equiv="Content-Type" content="text/html;charset=utf-8" />
  <meta name='ocr-system' content='tesseract 3.04.00' />
  <meta name='ocr-capabilities' content='ocr_page ocr_carea ocr_par ocr_line ocrx_word'/>
</head>
<body>
  <div class='ocr_page' id='page_1' title='image "./universaecampan00laurgoog_0173.png"; bbox 0 0 4487 5685; ppageno 0'>
   <div class='ocr_carea' id='block_1_1' title="bbox 509 397 3725 4019">
    <p class='ocr_par' dir='ltr' id='par_1_1' title="bbox 527 397 3345 1782">
     <span class='ocr_line' id='line_1_1' title="bbox 3092 397 3249 508; baseline 0.019 -24"><span class='ocrx_word' id='word_1_1' title='bbox 3092 397 3249 508; x_wconf 82' lang='lat'><strong>159</strong></span> 
     </span>
     <span class='ocr_line' id='line_1_2' title="bbox 535 511 3254 646; baseline -0.007 -28"><span class='ocrx_word' id='word_1_2' title='bbox 535 530 718 636; x_wconf 81' lang='lat' dir='ltr'><strong>illis,</strong></span> <span class='ocrx_word' id='word_1_3' title='bbox 783 555 990 646; x_wconf 86' lang='lat' dir='ltr'><strong>quae</strong></span> <span class='ocrx_word' id='word_1_4' title='bbox 1051 527 1280 613; x_wconf 76' lang='lat' dir='ltr'><strong>Lave</strong></span> <span class='ocrx_word' id='word_1_5' title='bbox 1342 521 1886 640; x_wconf 84' lang='lat' dir='ltr'><strong>appellantur.</strong></span> <span class='ocrx_word' id='word_1_6' title='bbox 1953 525 2130 608; x_wconf 86' lang='lat' dir='ltr'><strong>Hae</strong></span> <span class='ocrx_word' id='word_1_7' title='bbox 2193 547 2397 606; x_wconf 88' lang='lat' dir='ltr'><strong>vero</strong></span> <span class='ocrx_word' id='word_1_8' title='bbox 2462 517 2663 604; x_wconf 88' lang='lat' dir='ltr'><strong>nihil</strong></span> <span class='ocrx_word' id='word_1_9' title='bbox 2720 511 2943 600; x_wconf 83' lang='lat' dir='ltr'><strong>aliud</strong></span> <span class='ocrx_word' id='word_1_10' title='bbox 3004 539 3254 625; x_wconf 84' lang='lat' dir='ltr'><strong>sunt,</strong></span> 
     </span>
     <span class='ocr_line' id='line_1_3' title="bbox 537 631 3257 763; baseline -0.006 -31"><span class='ocrx_word' id='word_1_11' title='bbox 537 631 789 763; x_wconf 58' lang='lat' dir='ltr'><strong>quam</strong></span> <span class='ocrx_word' id='word_1_12' title='bbox 851 664 1107 729; x_wconf 87' lang='lat' dir='ltr'><strong>terrae</strong></span> <span class='ocrx_word' id='word_1_13' title='bbox 1140 646 1560 762; x_wconf 77' lang='lat' dir='ltr'><strong>pestiferae</strong></span> <span class='ocrx_word' id='word_1_14' title='bbox 1619 643 2173 729; x_wconf 80' lang='lat' dir='ltr'><strong>exhalationes</strong></span> <span class='ocrx_word' id='word_1_15' title='bbox 2212 700 2241 741; x_wconf 88' lang='lat'><strong>,</strong></span> <span class='ocrx_word' id='word_1_16' title='bbox 2310 665 2449 720; x_wconf 82' lang='lat' dir='ltr'><strong>seu</strong></span> <span class='ocrx_word' id='word_1_17' title='bbox 2510 663 2850 752; x_wconf 88' lang='lat' dir='ltr'><strong>vapores</strong></span> <span class='ocrx_word' id='word_1_18' title='bbox 2886 636 3029 748; x_wconf 88' lang='lat' dir='ltr'><strong>qui</strong></span> <span class='ocrx_word' id='word_1_19' title='bbox 3094 655 3257 718; x_wconf 87' lang='lat' dir='ltr'><strong>sto-</strong></span> 
     </span>
     <span class='ocr_line' id='line_1_4' title="bbox 543 751 3345 876; baseline -0.005 -28"><span class='ocrx_word' id='word_1_20' title='bbox 543 765 836 850; x_wconf 78' lang='lat' dir='ltr'><strong>macho</strong></span> <span class='ocrx_word' id='word_1_21' title='bbox 898 761 1337 854; x_wconf 79' lang='lat' dir='ltr'><strong>adhaerent</strong></span> <span class='ocrx_word' id='word_1_22' title='bbox 1377 823 1410 868; x_wconf 88' lang='lat'><em>,</em></span> <span class='ocrx_word' id='word_1_23' title='bbox 1479 781 1562 844; x_wconf 91' lang='lat' dir='ltr'><strong>et</strong></span> <span class='ocrx_word' id='word_1_24' title='bbox 1623 760 1926 876; x_wconf 76' lang='lat' dir='ltr'><strong>capiti3</strong></span> <span class='ocrx_word' id='word_1_25' title='bbox 1993 759 2185 842; x_wconf 91' lang='lat' dir='ltr'><strong>hinc</strong></span> <span class='ocrx_word' id='word_1_26' title='bbox 2248 773 2363 836; x_wconf 84' lang='lat' dir='ltr'><strong>est</strong></span> <span class='ocrx_word' id='word_1_27' title='bbox 2427 772 2519 835; x_wconf 83' lang='lat' dir='ltr'><strong>ut.</strong></span> <span class='ocrx_word' id='word_1_28' title='bbox 2558 751 3029 865; x_wconf 81' lang='lat' dir='ltr'><strong>vertiginem</strong></span> <span class='ocrx_word' id='word_1_29' title='bbox 3068 757 3275 867; x_wconf 59' lang='grc' dir='ltr'><strong>[πο-ἑ</strong></span> <span class='ocrx_word' id='word_1_30' title='bbox 3342 807 3345 810; x_wconf 85' lang='lat'><strong>·</strong></span> 
     </span>
     <span class='ocr_line' id='line_1_5' title="bbox 547 867 3265 982; baseline -0.004 -18"><span class='ocrx_word' id='word_1_31' title='bbox 547 879 916 982; x_wconf 88' lang='lat' dir='ltr'><strong>ducant,</strong></span> <span class='ocrx_word' id='word_1_32' title='bbox 991 897 1068 961; x_wconf 84' lang='lat' dir='ltr'><strong>et</strong></span> <span class='ocrx_word' id='word_1_33' title='bbox 1133 878 1292 964; x_wconf 86' lang='lat' dir='ltr'><strong>sint</strong></span> <span class='ocrx_word' id='word_1_34' title='bbox 1359 879 1642 964; x_wconf 81' lang='lat' dir='ltr'><strong>noxiae</strong></span> <span class='ocrx_word' id='word_1_35' title='bbox 1706 907 1898 962; x_wconf 89' lang='lat' dir='ltr'><strong>cum</strong></span> <span class='ocrx_word' id='word_1_36' title='bbox 1953 869 2505 958; x_wconf 86' lang='lat' dir='ltr'><strong>animantibus</strong></span> <span class='ocrx_word' id='word_1_37' title='bbox 2566 867 3176 953; x_wconf 83' lang='lat' dir='ltr'><strong>rationabilibus</strong></span> <span class='ocrx_word' id='word_1_38' title='bbox 3235 933 3265 974; x_wconf 80' lang='lat'>,</span> 
     </span>
     <span class='ocr_line' id='line_1_6' title="bbox 543 988 3266 1110; baseline -0.005 -30"><span class='ocrx_word' id='word_1_39' title='bbox 543 1017 620 1080; x_wconf 89' lang='lat' dir='ltr'><strong>et</strong></span> <span class='ocrx_word' id='word_1_40' title='bbox 681 995 1368 1082; x_wconf 73' lang='lat' dir='ltr'><strong>irrationabilibus</strong></span> <span class='ocrx_word' id='word_1_41' title='bbox 1412 1065 1443 1108; x_wconf 87' lang='lat'>,</span> <span class='ocrx_word' id='word_1_42' title='bbox 1502 1016 1682 1080; x_wconf 85' lang='lat' dir='ltr'><strong>tum</strong></span> <span class='ocrx_word' id='word_1_43' title='bbox 1747 991 2178 1110; x_wconf 84' lang='lat' dir='ltr'><strong>praecipue</strong></span> <span class='ocrx_word' id='word_1_44' title='bbox 2237 989 2441 1102; x_wconf 82' lang='lat' dir='ltr'><strong>agris</strong></span> <span class='ocrx_word' id='word_1_45' title='bbox 2543 989 2907 1072; x_wconf 81' lang='lat' dir='ltr'><strong>Vesuvio</strong></span> <span class='ocrx_word' id='word_1_46' title='bbox 3000 988 3266 1100; x_wconf 82' lang='lat' dir='ltr'><strong>proxi-</strong></span> 
     </span>
     <span class='ocr_line' id='line_1_7' title="bbox 531 1105 3263 1226; baseline -0.004 -28"><span class='ocrx_word' id='word_1_47' title='bbox 531 1113 708 1198; x_wconf 77' lang='lat' dir='ltr'><strong>mis,</strong></span> <span class='ocrx_word' id='word_1_48' title='bbox 773 1115 947 1196; x_wconf 88' lang='lat' dir='ltr'><strong>Hae</strong></span> <span class='ocrx_word' id='word_1_49' title='bbox 1007 1111 1340 1200; x_wconf 84' lang='lat' dir='ltr'><strong>tandem</strong></span> <span class='ocrx_word' id='word_1_50' title='bbox 1397 1143 1664 1198; x_wconf 85' lang='lat' dir='ltr'><strong>aerem</strong></span> <span class='ocrx_word' id='word_1_51' title='bbox 1725 1139 1960 1226; x_wconf 84' lang='lat' dir='ltr'><strong>saepe</strong></span> <span class='ocrx_word' id='word_1_52' title='bbox 2021 1109 2335 1224; x_wconf 85' lang='lat' dir='ltr'><strong>saepius</strong></span> <span class='ocrx_word' id='word_1_53' title='bbox 2396 1105 2924 1224; x_wconf 70' lang='lat' dir='ltr'><strong>infecerunt,</strong></span> <span class='ocrx_word' id='word_1_54' title='bbox 3016 1106 3263 1216; x_wconf 85' lang='lat' dir='ltr'><strong>pessi-</strong></span> 
     </span>
     <span class='ocr_line' id='line_1_8' title="bbox 541 1225 3265 1344; baseline -0.003 -34"><span class='ocrx_word' id='word_1_55' title='bbox 541 1259 1032 1344; x_wconf 83' lang='lat' dir='ltr'><strong>morumque</strong></span> <span class='ocrx_word' id='word_1_56' title='bbox 1089 1231 1574 1316; x_wconf 82' lang='lat' dir='ltr'><strong>morborum</strong></span> <span class='ocrx_word' id='word_1_57' title='bbox 1632 1259 1865 1315; x_wconf 86' lang='lat' dir='ltr'><strong>causa</strong></span> <span class='ocrx_word' id='word_1_58' title='bbox 1929 1226 2290 1314; x_wconf 85' lang='lat' dir='ltr'><strong>fuerunt.</strong></span> <span class='ocrx_word' id='word_1_59' title='bbox 2356 1225 2607 1306; x_wconf 86' lang='lat' dir='ltr'><strong>Hunc</strong></span> <span class='ocrx_word' id='word_1_60' title='bbox 2645 1249 2833 1304; x_wconf 89' lang='lat' dir='ltr'><strong>vero</strong></span> <span class='ocrx_word' id='word_1_61' title='bbox 2896 1240 3265 1304; x_wconf 87' lang='lat' dir='ltr'><strong>montem</strong></span> 
     </span>
     <span class='ocr_line' id='line_1_9' title="bbox 537 1335 3264 1463; baseline -0.002 -40"><span class='ocrx_word' id='word_1_62' title='bbox 537 1344 888 1430; x_wconf 83' lang='lat' dir='ltr'><strong>Vulcani</strong></span> <span class='ocrx_word' id='word_1_63' title='bbox 950 1348 1167 1434; x_wconf 89' lang='lat' dir='ltr'><strong>Foro</strong></span> <span class='ocrx_word' id='word_1_64' title='bbox 1203 1411 1231 1449; x_wconf 92' lang='lat'><em>,</em></span> <span class='ocrx_word' id='word_1_65' title='bbox 1299 1345 1438 1433; x_wconf 72' lang='lat' dir='ltr'><strong>sleu</strong></span> <span class='ocrx_word' id='word_1_66' title='bbox 1505 1346 2150 1463; x_wconf 86' lang='lat' dir='ltr'><strong>Sulphurariae‚</strong></span> <span class='ocrx_word' id='word_1_67' title='bbox 2213 1365 2293 1428; x_wconf 88' lang='lat' dir='ltr'><strong>et</strong></span> <span class='ocrx_word' id='word_1_68' title='bbox 2386 1341 2677 1424; x_wconf 81' lang='lat' dir='ltr'><strong>AEtnae</strong></span> <span class='ocrx_word' id='word_1_69' title='bbox 2776 1335 3264 1455; x_wconf 85' lang='lat' dir='ltr'><strong>respondere</strong></span> 
     </span>
     <span class='ocr_line' id='line_1_10' title="bbox 533 1453 3255 1580; baseline -0.003 -38"><span class='ocrx_word' id='word_1_70' title='bbox 533 1465 890 1550; x_wconf 79' lang='lat' dir='ltr'><strong>sentiunt</strong></span> <span class='ocrx_word' id='word_1_71' title='bbox 959 1466 1327 1578; x_wconf 80' lang='lat' dir='ltr'><strong>physici:</strong></span> <span class='ocrx_word' id='word_1_72' title='bbox 1383 1467 1706 1580; x_wconf 84' lang='lat' dir='ltr'><strong>quoties</strong></span> <span class='ocrx_word' id='word_1_73' title='bbox 1767 1462 1982 1548; x_wconf 85' lang='lat' dir='ltr'><strong>enim</strong></span> <span class='ocrx_word' id='word_1_74' title='bbox 2045 1459 2462 1547; x_wconf 79' lang='lat' dir='ltr'><strong>Vesuvius</strong></span> <span class='ocrx_word' id='word_1_75' title='bbox 2528 1460 2825 1544; x_wconf 83' lang='lat' dir='ltr'><strong>vicinas</strong></span> <span class='ocrx_word' id='word_1_76' title='bbox 2924 1453 3255 1543; x_wconf 84' lang='lat' dir='ltr'><strong>combu-</strong></span> 
     </span>
     <span class='ocr_line' id='line_1_11' title="bbox 527 1568 3258 1698; baseline -0.001 -40"><span class='ocrx_word' id='word_1_77' title='bbox 527 1577 632 1658; x_wconf 88' lang='lat' dir='ltr'><strong>rit</strong></span> <span class='ocrx_word' id='word_1_78' title='bbox 703 1581 1056 1690; x_wconf 80' lang='lat' dir='ltr'><strong>regiones</strong></span> <span class='ocrx_word' id='word_1_79' title='bbox 1098 1646 1128 1686; x_wconf 95' lang='lat'><em>,</em></span> <span class='ocrx_word' id='word_1_80' title='bbox 1199 1581 1500 1672; x_wconf 72' lang='lat' dir='ltr'><strong>eodem</strong></span> <span class='ocrx_word' id='word_1_81' title='bbox 1552 1568 1918 1698; x_wconf 81' lang='lat' dir='ltr'><strong>tempore</strong></span> <span class='ocrx_word' id='word_1_82' title='bbox 1977 1575 2281 1686; x_wconf 67' lang='lat' dir='ltr'><strong>AEtna‘‚</strong></span> <span class='ocrx_word' id='word_1_83' title='bbox 2344 1572 2869 1696; x_wconf 81' lang='lat' dir='ltr'><strong>Vulcanique</strong></span> <span class='ocrx_word' id='word_1_84' title='bbox 2926 1580 3258 1664; x_wconf 85' lang='lat' dir='ltr'><strong>Forum</strong></span> 
     </span>
     <span class='ocr_line' id='line_1_12' title="bbox 535 1691 2066 1782; baseline 0.005 -7"><span class='ocrx_word' id='word_1_85' title='bbox 535 1691 752 1776; x_wconf 84' lang='lat' dir='ltr'><strong>idem</strong></span> <span class='ocrx_word' id='word_1_86' title='bbox 798 1695 1186 1782; x_wconf 77' lang='lat' dir='ltr'><strong>efficiunt.</strong></span> <span class='ocrx_word' id='word_1_87' title='bbox 2063 1694 2066 1697; x_wconf 35' lang='lat'>¹</span> 
     </span>
    </p>

    <p class='ocr_par' dir='ltr' id='par_1_2' title="bbox 509 1807 3725 4019">
     <span class='ocr_line' id='line_1_13' title="bbox 760 1807 3723 1928; baseline -0.003 -36"><span class='ocrx_word' id='word_1_88' title='bbox 760 1812 1230 1928; x_wconf 76' lang='lat' dir='ltr'><strong>Antequam</strong></span> <span class='ocrx_word' id='word_1_89' title='bbox 1289 1845 1631 1900; x_wconf 83' lang='lat' dir='ltr'><strong>manum</strong></span> <span class='ocrx_word' id='word_1_90' title='bbox 1693 1813 1794 1900; x_wconf 91' lang='lat' dir='ltr'><strong>de</strong></span> <span class='ocrx_word' id='word_1_91' title='bbox 1853 1812 2186 1917; x_wconf 85' lang='lat' dir='ltr'><strong>tabula,</strong></span> <span class='ocrx_word' id='word_1_92' title='bbox 2248 1811 2471 1897; x_wconf 83' lang='lat' dir='ltr'><strong>iuvat</strong></span> <span class='ocrx_word' id='word_1_93' title='bbox 2530 1807 2708 1897; x_wconf 87' lang='lat' dir='ltr'><strong>heic</strong></span> <span class='ocrx_word' id='word_1_94' title='bbox 2768 1839 3023 1928; x_wconf 89' lang='lat' dir='ltr'><strong>pauca</strong></span> <span class='ocrx_word' id='word_1_95' title='bbox 3120 1825 3540 1924; x_wconf 69' lang='lat' dir='ltr'><strong>ap·‘veeemm</strong></span> <span class='ocrx_word' id='word_1_96' title='bbox 3604 1834 3723 1915; x_wconf 64' lang='lat'><strong>‘31³³-</strong></span> 
     </span>
     <span class='ocr_line' id='line_1_14' title="bbox 532 1919 3725 2045; baseline 0 -39"><span class='ocrx_word' id='word_1_97' title='bbox 532 1928 858 2038; x_wconf 83' lang='lat' dir='ltr'><strong>pingere</strong></span> <span class='ocrx_word' id='word_1_98' title='bbox 928 1931 1206 2045; x_wconf 85' lang='lat' dir='ltr'><strong>quoad</strong></span> <span class='ocrx_word' id='word_1_99' title='bbox 1269 1953 1634 2015; x_wconf 82' lang='lat' dir='ltr'><strong>veterum</strong></span> <span class='ocrx_word' id='word_1_100' title='bbox 1697 1932 2357 2018; x_wconf 81' lang='lat' dir='ltr'><strong>Christianorum</strong></span> <span class='ocrx_word' id='word_1_101' title='bbox 2418 1929 2631 2014; x_wconf 87' lang='lat' dir='ltr'><strong>circa</strong></span> <span class='ocrx_word' id='word_1_102' title='bbox 2665 1931 3049 2013; x_wconf 82' lang='lat' dir='ltr'><strong>vulcanos</strong></span> <span class='ocrx_word' id='word_1_103' title='bbox 3082 1953 3259 2038; x_wconf 87' lang='lat' dir='ltr'><strong>spe·</strong></span> <span class='ocrx_word' id='word_1_104' title='bbox 3294 1919 3725 2033; x_wconf 54' lang='lat' dir='ltr'><strong>”¹3212„5„;¹J⁰⁸</strong></span> 
     </span>
     <span class='ocr_line' id='line_1_15' title="bbox 526 2040 3259 2162; baseline 0.001 -41"><span class='ocrx_word' id='word_1_105' title='bbox 526 2061 690 2123; x_wconf 83' lang='lat' dir='ltr'><strong>ctat</strong></span> <span class='ocrx_word' id='word_1_106' title='bbox 751 2045 1196 2156; x_wconf 81' lang='lat' dir='ltr'><strong>opiniones,</strong></span> <span class='ocrx_word' id='word_1_107' title='bbox 1260 2051 1366 2132; x_wconf 87' lang='lat' dir='ltr'><strong>Et</strong></span> <span class='ocrx_word' id='word_1_108' title='bbox 1429 2047 1796 2162; x_wconf 84' lang='lat' dir='ltr'><strong>primum</strong></span> <span class='ocrx_word' id='word_1_109' title='bbox 1859 2047 2232 2130; x_wconf 87' lang='lat' dir='ltr'><strong>omnium</strong></span> <span class='ocrx_word' id='word_1_110' title='bbox 2298 2045 2737 2131; x_wconf 89' lang='lat' dir='ltr'><strong>dicendum</strong></span> <span class='ocrx_word' id='word_1_111' title='bbox 2777 2065 2895 2128; x_wconf 88' lang='lat' dir='ltr'><strong>est</strong></span> <span class='ocrx_word' id='word_1_112' title='bbox 2957 2040 3259 2128; x_wconf 87' lang='lat' dir='ltr'><strong>Ethni-</strong></span> 
     </span>
     <span class='ocr_line' id='line_1_16' title="bbox 529 2159 3258 2278; baseline 0.003 -42"><span class='ocrx_word' id='word_1_113' title='bbox 529 2187 662 2242; x_wconf 75' lang='lat' dir='ltr'><strong>cos</strong></span> <span class='ocrx_word' id='word_1_114' title='bbox 725 2164 968 2244; x_wconf 86' lang='lat' dir='ltr'><strong>etiam</strong></span> <span class='ocrx_word' id='word_1_115' title='bbox 1029 2167 1572 2278; x_wconf 78' lang='lat' dir='ltr'><strong>antiquosque</strong></span> <span class='ocrx_word' id='word_1_116' title='bbox 1633 2193 1801 2250; x_wconf 91' lang='lat' dir='ltr'><strong>non</strong></span> <span class='ocrx_word' id='word_1_117' title='bbox 1859 2160 2132 2249; x_wconf 85' lang='lat' dir='ltr'><strong>solum</strong></span> <span class='ocrx_word' id='word_1_118' title='bbox 2195 2159 2593 2276; x_wconf 86' lang='lat' dir='ltr'><strong>Graecos,</strong></span> <span class='ocrx_word' id='word_1_119' title='bbox 2658 2190 2941 2246; x_wconf 85' lang='lat' dir='ltr'><strong>verum</strong></span> <span class='ocrx_word' id='word_1_120' title='bbox 3010 2161 3258 2244; x_wconf 86' lang='lat' dir='ltr'><strong>etiam</strong></span> 
     </span>
     <span class='ocr_line' id='line_1_17' title="bbox 525 2273 3259 2390; baseline 0.002 -36"><span class='ocrx_word' id='word_1_121' title='bbox 525 2273 950 2378; x_wconf 80' lang='lat' dir='ltr'><strong>Romanos</strong></span> <span class='ocrx_word' id='word_1_122' title='bbox 1040 2276 1546 2378; x_wconf 85' lang='lat' dir='ltr'><strong>credidisse,</strong></span> <span class='ocrx_word' id='word_1_123' title='bbox 1656 2279 2044 2361; x_wconf 73' lang='lat' dir='ltr'><strong>vulcanos</strong></span> <span class='ocrx_word' id='word_1_124' title='bbox 2137 2277 2313 2362; x_wconf 89' lang='lat' dir='ltr'><strong>loca</strong></span> <span class='ocrx_word' id='word_1_125' title='bbox 2399 2279 2707 2382; x_wconf 85' lang='lat' dir='ltr'><strong>fuisse,</strong></span> <span class='ocrx_word' id='word_1_126' title='bbox 2780 2279 2863 2358; x_wconf 87' lang='lat' dir='ltr'><strong>in</strong></span> <span class='ocrx_word' id='word_1_127' title='bbox 2957 2275 3259 2390; x_wconf 80' lang='lat' dir='ltr'><strong>quibus</strong></span> 
     </span>
     <span class='ocr_line' id='line_1_18' title="bbox 521 2384 3262 2502; baseline 0.003 -35"><span class='ocrx_word' id='word_1_128' title='bbox 521 2384 1046 2472; x_wconf 82' lang='lat' dir='ltr'><strong>scelestorum</strong></span> <span class='ocrx_word' id='word_1_129' title='bbox 1107 2389 1434 2473; x_wconf 84' lang='lat' dir='ltr'><strong>animae</strong></span> <span class='ocrx_word' id='word_1_130' title='bbox 1469 2387 2064 2474; x_wconf 87' lang='lat' dir='ltr'><strong>detinebantur·</strong></span> <span class='ocrx_word' id='word_1_131' title='bbox 2107 2393 2408 2474; x_wconf 90' lang='lat' dir='ltr'><strong>Nonne</strong></span> <span class='ocrx_word' id='word_1_132' title='bbox 2464 2395 2880 2476; x_wconf 84' lang='lat' dir='ltr'><strong>Homerus</strong></span> <span class='ocrx_word' id='word_1_133' title='bbox 2913 2389 3080 2502; x_wconf 86' lang='lat' dir='ltr'><strong>ipse</strong></span> <span class='ocrx_word' id='word_1_134' title='bbox 3138 2417 3262 2474; x_wconf 89' lang='lat' dir='ltr'><strong>ce-</strong></span> 
     </span>
     <span class='ocr_line' id='line_1_19' title="bbox 512 2501 3265 2616; baseline 0.001 -35"><span class='ocrx_word' id='word_1_135' title='bbox 512 2501 726 2611; x_wconf 64' lang='lat' dir='ltr'><strong>cinit</strong></span> <span class='ocrx_word' id='word_1_136' title='bbox 765 2565 788 2609; x_wconf 91' lang='lat'>,</span> <span class='ocrx_word' id='word_1_137' title='bbox 851 2505 1217 2616; x_wconf 85' lang='lat' dir='ltr'><strong>gigantes</strong></span> <span class='ocrx_word' id='word_1_138' title='bbox 1279 2507 1476 2588; x_wconf 88' lang='lat' dir='ltr'><strong>olim</strong></span> <span class='ocrx_word' id='word_1_139' title='bbox 1547 2501 1856 2604; x_wconf 85' lang='lat' dir='ltr'><strong>bellum</strong></span> <span class='ocrx_word' id='word_1_140' title='bbox 1921 2501 2074 2586; x_wconf 85' lang='lat' dir='ltr'><strong>diis</strong></span> <span class='ocrx_word' id='word_1_141' title='bbox 2136 2503 2607 2607; x_wconf 86' lang='lat' dir='ltr'><strong>inferentes,</strong></span> <span class='ocrx_word' id='word_1_142' title='bbox 2659 2523 2933 2616; x_wconf 88' lang='lat' dir='ltr'><strong>postea</strong></span> <span class='ocrx_word' id='word_1_143' title='bbox 2966 2503 3265 2616; x_wconf 84' lang='lat' dir='ltr'><strong>subip·</strong></span> 
     </span>
     <span class='ocr_line' id='line_1_20' title="bbox 521 2617 3263 2736; baseline 0.002 -36"><span class='ocrx_word' id='word_1_144' title='bbox 521 2617 626 2701; x_wconf 80' lang='lat' dir='ltr'><strong>sis</strong></span> <span class='ocrx_word' id='word_1_145' title='bbox 687 2619 1110 2705; x_wconf 83' lang='lat' dir='ltr'><strong>montibus</strong></span> <span class='ocrx_word' id='word_1_146' title='bbox 1173 2622 1534 2706; x_wconf 89' lang='lat' dir='ltr'><strong>inclusos</strong></span> <span class='ocrx_word' id='word_1_147' title='bbox 1597 2621 1922 2704; x_wconf 81' lang='lat' dir='ltr'><strong>fuisse?</strong></span> <span class='ocrx_word' id='word_1_148' title='bbox 1983 2619 2381 2732; x_wconf 79' lang='lat' dir='ltr'><strong>Virgilius</strong></span> <span class='ocrx_word' id='word_1_149' title='bbox 2424 2619 2823 2727; x_wconf 85' lang='lat' dir='ltr'><strong>,Ovidius</strong></span> <span class='ocrx_word' id='word_1_150' title='bbox 2861 2683 2892 2725; x_wconf 88' lang='lat'><em>,</em></span> <span class='ocrx_word' id='word_1_151' title='bbox 2964 2621 3263 2736; x_wconf 85' lang='lat' dir='ltr'><strong>aliique</strong></span> 
     </span>
     <span class='ocr_line' id='line_1_21' title="bbox 523 2735 3259 2853; baseline 0.001 -37"><span class='ocrx_word' id='word_1_152' title='bbox 523 2756 808 2850; x_wconf 85' lang='lat' dir='ltr'><strong>poetae</strong></span> <span class='ocrx_word' id='word_1_153' title='bbox 875 2737 1234 2853; x_wconf 85' lang='lat' dir='ltr'><strong>idipsum</strong></span> <span class='ocrx_word' id='word_1_154' title='bbox 1307 2739 1599 2853; x_wconf 80' lang='lat' dir='ltr'><strong>passim</strong></span> <span class='ocrx_word' id='word_1_155' title='bbox 1663 2735 2032 2822; x_wconf 84' lang='lat' dir='ltr'><strong>edocent.</strong></span> <span class='ocrx_word' id='word_1_156' title='bbox 2097 2735 2238 2820; x_wconf 92' lang='lat' dir='ltr'><strong>Ab</strong></span> <span class='ocrx_word' id='word_1_157' title='bbox 2302 2737 2673 2824; x_wconf 86' lang='lat' dir='ltr'><strong>Ethuieis</strong></span> <span class='ocrx_word' id='word_1_158' title='bbox 2735 2735 3085 2851; x_wconf 81' lang='lat' dir='ltr'><strong>gradum</strong></span> <span class='ocrx_word' id='word_1_159' title='bbox 3140 2737 3259 2820; x_wconf 74' lang='lat' dir='ltr'><strong>fa·</strong></span> 
     </span>
     <span class='ocr_line' id='line_1_22' title="bbox 529 2852 3253 2969; baseline 0.002 -37"><span class='ocrx_word' id='word_1_160' title='bbox 529 2852 840 2939; x_wconf 78' lang='lat' dir='ltr'><strong>ciamus</strong></span> <span class='ocrx_word' id='word_1_161' title='bbox 897 2855 1005 2952; x_wconf 80' lang='lat' dir='ltr'><strong>ad</strong></span> <span class='ocrx_word' id='word_1_162' title='bbox 1041 2855 1610 2945; x_wconf 81' lang='lat' dir='ltr'><strong>Christianos.</strong></span> <span class='ocrx_word' id='word_1_163' title='bbox 1672 2852 1800 2939; x_wconf 90' lang='lat' dir='ltr'><strong>Cl.</strong></span> <span class='ocrx_word' id='word_1_164' title='bbox 1865 2852 2347 2941; x_wconf 78' lang='lat' dir='ltr'><strong>Mazochius.</strong></span> <span class='ocrx_word' id='word_1_165' title='bbox 2387 2874 2589 2944; x_wconf 87' lang='lat' dir='ltr'><strong>tom.</strong></span> <span class='ocrx_word' id='word_1_166' title='bbox 2620 2855 2725 2940; x_wconf 86' lang='grc' dir='ltr'><strong>ΙΙ.</strong></span> <span class='ocrx_word' id='word_1_167' title='bbox 2758 2852 2949 2939; x_wconf 85' lang='lat' dir='ltr'><strong>Kal.</strong></span> <span class='ocrx_word' id='word_1_168' title='bbox 2996 2858 3253 2969; x_wconf 87' lang='lat' dir='ltr'><strong>Neap.</strong></span> 
     </span>
     <span class='ocr_line' id='line_1_23' title="bbox 521 2970 3321 3089; baseline 0 -38"><span class='ocrx_word' id='word_1_169' title='bbox 521 2992 694 3082; x_wconf 85' lang='lat' dir='ltr'><strong>pag.</strong></span> <span class='ocrx_word' id='word_1_170' title='bbox 759 2977 932 3082; x_wconf 84' lang='lat'><strong>392</strong></span> <span class='ocrx_word' id='word_1_171' title='bbox 990 2971 1448 3057; x_wconf 81' lang='lat' dir='ltr'><strong>Diatribam</strong></span> <span class='ocrx_word' id='word_1_172' title='bbox 1517 2974 1830 3082; x_wconf 83' lang='lat' dir='ltr'><strong>texuit,</strong></span> <span class='ocrx_word' id='word_1_173' title='bbox 1897 2972 1978 3060; x_wconf 89' lang='lat' dir='ltr'><strong>in</strong></span> <span class='ocrx_word' id='word_1_174' title='bbox 2043 2998 2207 3089; x_wconf 87' lang='lat' dir='ltr'><strong>qua</strong></span> <span class='ocrx_word' id='word_1_175' title='bbox 2243 2998 2409 3056; x_wconf 85' lang='lat' dir='ltr'><strong>non</strong></span> <span class='ocrx_word' id='word_1_176' title='bbox 2448 2971 2855 3059; x_wconf 87' lang='lat' dir='ltr'><strong>inerudite</strong></span> <span class='ocrx_word' id='word_1_177' title='bbox 2916 2970 3251 3085; x_wconf 78' lang='lat' dir='ltr'><strong>probat,</strong></span> <span class='ocrx_word' id='word_1_178' title='bbox 3313 3004 3321 3009; x_wconf 91' lang='lat'>·</span> 
     </span>
     <span class='ocr_line' id='line_1_24' title="bbox 519 3088 3259 3206; baseline 0.003 -42"><span class='ocrx_word' id='word_1_179' title='bbox 519 3106 822 3169; x_wconf 85' lang='lat' dir='ltr'><strong>veteres</strong></span> <span class='ocrx_word' id='word_1_180' title='bbox 885 3088 1388 3177; x_wconf 81' lang='lat' dir='ltr'><strong>Christianos</strong></span> <span class='ocrx_word' id='word_1_181' title='bbox 1425 3152 1448 3199; x_wconf 87' lang='lat'>‚</span> <span class='ocrx_word' id='word_1_182' title='bbox 1513 3109 1594 3175; x_wconf 88' lang='lat' dir='ltr'><strong>et</strong></span> <span class='ocrx_word' id='word_1_183' title='bbox 1661 3119 1756 3175; x_wconf 80' lang='lat' dir='ltr'><strong>ex</strong></span> <span class='ocrx_word' id='word_1_184' title='bbox 1817 3091 2028 3206; x_wconf 79' lang='lat' dir='ltr'><strong>ipsis·</strong></span> <span class='ocrx_word' id='word_1_185' title='bbox 2091 3088 2533 3195; x_wconf 83' lang='lat' dir='ltr'><strong>doctiores,</strong></span> <span class='ocrx_word' id='word_1_186' title='bbox 2610 3110 2685 3175; x_wconf 85' lang='lat' dir='ltr'><strong>et</strong></span> <span class='ocrx_word' id='word_1_187' title='bbox 2730 3088 3259 3201; x_wconf 79' lang='lat' dir='ltr'><strong>religiosiores</strong></span> 
     </span>
     <span class='ocr_line' id='line_1_25' title="bbox 518 3202 3261 3294; baseline 0.003 -11"><span class='ocrx_word' id='word_1_188' title='bbox 518 3204 906 3289; x_wconf 87' lang='lat' dir='ltr'><strong>vulcanos</strong></span> <span class='ocrx_word' id='word_1_189' title='bbox 949 3206 1420 3294; x_wconf 82' lang='lat' dir='ltr'><strong>luserorum</strong></span> <span class='ocrx_word' id='word_1_190' title='bbox 1487 3209 1762 3294; x_wconf 83' lang='lat' dir='ltr'><strong>fauces</strong></span> <span class='ocrx_word' id='word_1_191' title='bbox 1793 3227 1962 3293; x_wconf 80' lang='lat' dir='ltr'><strong>esse</strong></span> <span class='ocrx_word' id='word_1_192' title='bbox 2019 3204 2477 3293; x_wconf 75' lang='lat' dir='ltr'><strong>arbitratos,</strong></span> <span class='ocrx_word' id='word_1_193' title='bbox 2515 3204 2649 3292; x_wconf 80' lang='lat' dir='ltr'><strong>Ad</strong></span> <span class='ocrx_word' id='word_1_194' title='bbox 2684 3208 2888 3291; x_wconf 89' lang='lat' dir='ltr'><strong>hanc</strong></span> <span class='ocrx_word' id='word_1_195' title='bbox 2926 3234 3091 3289; x_wconf 87' lang='lat' dir='ltr'><strong>rem</strong></span> <span class='ocrx_word' id='word_1_196' title='bbox 3130 3202 3261 3290; x_wconf 84' lang='lat' dir='ltr'><strong>dc·</strong></span> 
     </span>
     <span class='ocr_line' id='line_1_26' title="bbox 512 3319 3259 3439; baseline 0.003 -37"><span class='ocrx_word' id='word_1_197' title='bbox 512 3321 1136 3407; x_wconf 84' lang='lat' dir='ltr'><strong>monstrandam</strong></span> <span class='ocrx_word' id='word_1_198' title='bbox 1205 3326 1656 3411; x_wconf 84' lang='lat' dir='ltr'><strong>Annalium</strong></span> <span class='ocrx_word' id='word_1_199' title='bbox 1724 3325 2539 3435; x_wconf 83' lang='lat' dir='ltr'><strong>Ecclesiasticorutn,</strong></span> <span class='ocrx_word' id='word_1_200' title='bbox 2612 3345 2689 3407; x_wconf 90' lang='lat' dir='ltr'><strong>et</strong></span> <span class='ocrx_word' id='word_1_201' title='bbox 2725 3319 3259 3439; x_wconf 86' lang='lat' dir='ltr'><strong>quorundam</strong></span> 
     </span>
     <span class='ocr_line' id='line_1_27' title="bbox 511 3436 3259 3557; baseline 0.002 -41"><span class='ocrx_word' id='word_1_202' title='bbox 511 3436 848 3522; x_wconf 86' lang='lat' dir='ltr'><strong>Patrum</strong></span> <span class='ocrx_word' id='word_1_203' title='bbox 913 3442 1154 3525; x_wconf 80' lang='lat' dir='ltr'><strong>affert</strong></span> <span class='ocrx_word' id='word_1_204' title='bbox 1241 3445 1768 3529; x_wconf 81' lang='lat' dir='ltr'><strong>auctoritates</strong></span> <span class='ocrx_word' id='word_1_205' title='bbox 1839 3443 2052 3556; x_wconf 61' lang='lat'>(1),</span> <span class='ocrx_word' id='word_1_206' title='bbox 2113 3470 2283 3556; x_wconf 86' lang='lat' dir='ltr'><strong>quo</strong></span> <span class='ocrx_word' id='word_1_207' title='bbox 2352 3440 2435 3526; x_wconf 88' lang='lat' dir='ltr'><strong>id</strong></span> <span class='ocrx_word' id='word_1_208' title='bbox 2500 3441 2841 3557; x_wconf 76' lang='lat' dir='ltr'><strong>probet..</strong></span> <span class='ocrx_word' id='word_1_209' title='bbox 2890 3437 3259 3523; x_wconf 85' lang='lat' dir='ltr'><strong>Clarissi-</strong></span> 
     </span>
     <span class='ocr_line' id='line_1_28' title="bbox 515 3556 3263 3669; baseline 0.002 -36"><span class='ocrx_word' id='word_1_210' title='bbox 515 3578 742 3635; x_wconf 83' lang='lat' dir='ltr'><strong>mum</strong></span> <span class='ocrx_word' id='word_1_211' title='bbox 823 3576 1244 3641; x_wconf 74' lang='lat' dir='ltr'><strong>auctorem</strong></span> <span class='ocrx_word' id='word_1_212' title='bbox 1303 3580 1634 3642; x_wconf 78' lang='lat' dir='ltr'><strong>secutus</strong></span> <span class='ocrx_word' id='word_1_213' title='bbox 1701 3556 1860 3641; x_wconf 85' lang='lat' dir='ltr'><strong>fuit</strong></span> <span class='ocrx_word' id='word_1_214' title='bbox 1915 3562 2068 3643; x_wconf 90' lang='lat' dir='ltr'><strong>Vir</strong></span> <span class='ocrx_word' id='word_1_215' title='bbox 2129 3558 2501 3669; x_wconf 81' lang='lat' dir='ltr'><strong>apprime</strong></span> <span class='ocrx_word' id='word_1_216' title='bbox 2531 3556 2900 3641; x_wconf 86' lang='lat' dir='ltr'><strong>eruditus</strong></span> <span class='ocrx_word' id='word_1_217' title='bbox 2969 3556 3263 3640; x_wconf 87' lang='lat' dir='ltr'><strong>Vetra-</strong></span> 
     </span>
     <span class='ocr_line' id='line_1_29' title="bbox 523 3666 3257 3801; baseline 0.003 -54"><span class='ocrx_word' id='word_1_218' title='bbox 523 3666 703 3749; x_wconf 83' lang='lat' dir='ltr'><strong>nius</strong></span> <span class='ocrx_word' id='word_1_219' title='bbox 769 3690 1096 3766; x_wconf 77' lang='lat' dir='ltr'><strong>noster,</strong></span> <span class='ocrx_word' id='word_1_220' title='bbox 1159 3670 1304 3801; x_wconf 64' lang='lat' dir='ltr'><strong>qui</strong></span> <span class='ocrx_word' id='word_1_221' title='bbox 1369 3672 1451 3752; x_wconf 91' lang='lat' dir='ltr'><strong>in</strong></span> <span class='ocrx_word' id='word_1_222' title='bbox 1517 3700 1765 3783; x_wconf 84' lang='lat' dir='ltr'><strong>opere</strong></span> <span class='ocrx_word' id='word_1_223' title='bbox 1805 3732 1830 3777; x_wconf 86' lang='lat'>‚</span> <span class='ocrx_word' id='word_1_224' title='bbox 1890 3670 2119 3783; x_wconf 84' lang='lat' dir='ltr'><strong>quod</strong></span> <span class='ocrx_word' id='word_1_225' title='bbox 2177 3668 2585 3783; x_wconf 84' lang='lat' dir='ltr'><strong>inscripsit</strong></span> <span class='ocrx_word' id='word_1_226' title='bbox 2616 3671 3053 3755; x_wconf 84' lang='lat' dir='ltr'><strong>vernaculo</strong></span> <span class='ocrx_word' id='word_1_227' title='bbox 3099 3680 3257 3755; x_wconf 74' lang='lat' dir='ltr'><strong>s&#39;er-</strong></span> 
     </span>
     <span class='ocr_line' id='line_1_30' title="bbox 520 3782 3346 3892; baseline 0.001 -27"><span class='ocrx_word' id='word_1_228' title='bbox 520 3809 762 3867; x_wconf 81' lang='lat' dir='ltr'><strong>mone</strong></span> <span class='ocrx_word' id='word_1_229' title='bbox 823 3782 1296 3869; x_wconf 77' lang='lat' dir='ltr'><strong>Prodomo&#39;</strong></span> <span class='ocrx_word' id='word_1_230' title='bbox 1354 3784 1460 3873; x_wconf 90' lang='lat' dir='ltr'><em>V</em></span> <span class='ocrx_word' id='word_1_231' title='bbox 1449 3797 1868 3871; x_wconf 78' lang='lat' dir='ltr'><strong>esuviano</strong></span> <span class='ocrx_word' id='word_1_232' title='bbox 1913 3846 1936 3892; x_wconf 89' lang='lat'>,</span> <span class='ocrx_word' id='word_1_233' title='bbox 2007 3784 2363 3869; x_wconf 81' lang='lat' dir='ltr'><strong>mascula</strong></span> <span class='ocrx_word' id='word_1_234' title='bbox 2426 3782 2887 3871; x_wconf 85' lang='lat' dir='ltr'><strong>eruditione</strong></span> <span class='ocrx_word' id='word_1_235' title='bbox 2929 3783 3015 3867; x_wconf 89' lang='lat' dir='ltr'><strong>id</strong></span> <span class='ocrx_word' id='word_1_236' title='bbox 3077 3812 3257 3869; x_wconf 88' lang='lat' dir='ltr'><strong>con·</strong></span> <span class='ocrx_word' id='word_1_237' title='bbox 3340 3849 3346 3854; x_wconf 76' lang='lat'><em>‚</em></span> 
     </span>
     <span class='ocr_line' id='line_1_31' title="bbox 509 3894 3257 4019; baseline 0.002 -38"><span class='ocrx_word' id='word_1_238' title='bbox 509 3894 784 3989; x_wconf 83' lang='lat' dir='ltr'><strong>firmat</strong></span> <span class='ocrx_word' id='word_1_239' title='bbox 843 3930 914 3985; x_wconf 89' lang='lat' dir='ltr'><strong>c.</strong></span> <span class='ocrx_word' id='word_1_240' title='bbox 982 3904 1030 3982; x_wconf 90' lang='lat'>6</span> <span class='ocrx_word' id='word_1_241' title='bbox 1097 3902 1540 4019; x_wconf 70' lang='lat' dir='ltr'><strong>qui.&#39;hasce</strong></span> <span class='ocrx_word' id='word_1_242' title='bbox 1600 3902 2271 3989; x_wconf 84' lang='lat' dir='ltr'><strong>Christianorum</strong></span> <span class='ocrx_word' id='word_1_243' title='bbox 2338 3900 2759 4018; x_wconf 76' lang='lat' dir='ltr'><strong>opiniones</strong></span> <span class='ocrx_word' id='word_1_244' title='bbox 2832 3904 3089 4017; x_wconf 77' lang='lat' dir='ltr'><strong>usque</strong></span> <span class='ocrx_word' id='word_1_245' title='bbox 3150 3902 3257 3987; x_wconf 84' lang='lat' dir='ltr'><strong>ad</strong></span> 
     </span>
    </p>
   </div>
   <div class='ocr_carea' id='block_1_2' title="bbox 512 4176 2713 4211">
    <p class='ocr_par' dir='ltr' id='par_1_3' title="bbox 512 4176 2713 4211">
     <span class='ocr_line' id='line_1_32' title="bbox 512 4176 2713 4211; baseline 0 1474"><span class='ocrx_word' id='word_1_246' title='bbox 512 4176 2713 4211; x_wconf 95' lang='lat' dir='ltr'><strong> </strong></span> 
     </span>
    </p>
   </div>
   <div class='ocr_carea' id='block_1_3' title="bbox 2716 4192 3231 4215">
    <p class='ocr_par' dir='ltr' id='par_1_4' title="bbox 2716 4192 3231 4215">
     <span class='ocr_line' id='line_1_33' title="bbox 2716 4192 3231 4215; baseline 0 1470"><span class='ocrx_word' id='word_1_247' title='bbox 2716 4192 3231 4215; x_wconf 95' lang='lat' dir='ltr'><strong> </strong></span> 
     </span>
    </p>
   </div>
   <div class='ocr_carea' id='block_1_4' title="bbox 511 4340 3261 4816">
    <p class='ocr_par' dir='ltr' id='par_1_5' title="bbox 511 4340 3261 4816">
     <span class='ocr_line' id='line_1_34' title="bbox 721 4340 3259 4440; baseline 0.005 -27"><span class='ocrx_word' id='word_1_248' title='bbox 721 4340 840 4440; x_wconf 88' lang='lat'><strong>(1)</strong></span> <span class='ocrx_word' id='word_1_249' title='bbox 885 4342 996 4415; x_wconf 81' lang='lat' dir='ltr'><strong>Re</strong></span> <span class='ocrx_word' id='word_1_250' title='bbox 1081 4368 1250 4417; x_wconf 80' lang='lat' dir='ltr'><strong>sane</strong></span> <span class='ocrx_word' id='word_1_251' title='bbox 1304 4368 1466 4415; x_wconf 84' lang='lat' dir='ltr'><strong>vera</strong></span> <span class='ocrx_word' id='word_1_252' title='bbox 1523 4342 2022 4417; x_wconf 83' lang='lat' dir='ltr'><strong>Tertullianus</strong></span> <span class='ocrx_word' id='word_1_253' title='bbox 2069 4368 2144 4415; x_wconf 78' lang='lat' dir='ltr'><strong>ca</strong></span> <span class='ocrx_word' id='word_1_254' title='bbox 2205 4400 2224 4419; x_wconf 89' lang='lat'><strong>.</strong></span> <span class='ocrx_word' id='word_1_255' title='bbox 2278 4345 2413 4419; x_wconf 83' lang='lat' dir='ltr'><strong>ult.</strong></span> <span class='ocrx_word' id='word_1_256' title='bbox 2473 4344 2563 4417; x_wconf 88' lang='lat' dir='ltr'><strong>de</strong></span> <span class='ocrx_word' id='word_1_257' title='bbox 2618 4346 3083 4423; x_wconf 76' lang='lat' dir='ltr'><strong>Poenitentia</strong></span> <span class='ocrx_word' id='word_1_258' title='bbox 3169 4352 3259 4426; x_wconf 86' lang='lat' dir='ltr'><strong>de</strong></span> 
     </span>
     <span class='ocr_line' id='line_1_35' title="bbox 511 4441 3261 4547; baseline 0.003 -34"><span class='ocrx_word' id='word_1_259' title='bbox 511 4443 924 4516; x_wconf 74' lang='lat' dir='ltr'><strong>Vesuviano</strong></span> <span class='ocrx_word' id='word_1_260' title='bbox 973 4445 1142 4538; x_wconf 80' lang='lat' dir='ltr'><strong>igne</strong></span> <span class='ocrx_word' id='word_1_261' title='bbox 1195 4445 1398 4515; x_wconf 85' lang='lat' dir='ltr'><strong>verba</strong></span> <span class='ocrx_word' id='word_1_262' title='bbox 1449 4444 1770 4531; x_wconf 67' lang='lat' dir='ltr'><strong>faciem,</strong></span> <span class='ocrx_word' id='word_1_263' title='bbox 1793 4441 2136 4545; x_wconf 78' lang='lat' dir='ltr'><strong>fumario</strong></span> <span class='ocrx_word' id='word_1_264' title='bbox 2167 4468 2290 4515; x_wconf 86' lang='lat' dir='ltr'><strong>am</strong></span> <span class='ocrx_word' id='word_1_265' title='bbox 2344 4444 2719 4546; x_wconf 82' lang='lat' dir='ltr'><strong>quondam</strong></span> <span class='ocrx_word' id='word_1_266' title='bbox 2746 4454 3033 4521; x_wconf 75' lang='lat' dir='ltr'><strong>aeterni</strong></span> <span class='ocrx_word' id='word_1_267' title='bbox 3074 4456 3261 4547; x_wconf 74' lang='lat' dir='ltr'><strong>ignis</strong></span> 
     </span>
     <span class='ocr_line' id='line_1_36' title="bbox 517 4540 3257 4641; baseline 0.003 -27"><span class='ocrx_word' id='word_1_268' title='bbox 517 4570 660 4617; x_wconf 87' lang='lat' dir='ltr'><strong>esse</strong></span> <span class='ocrx_word' id='word_1_269' title='bbox 717 4544 1024 4641; x_wconf 84' lang='lat' dir='ltr'><strong>putavit.</strong></span> <span class='ocrx_word' id='word_1_270' title='bbox 1079 4542 1160 4613; x_wconf 93' lang='lat' dir='ltr'><strong>In</strong></span> <span class='ocrx_word' id='word_1_271' title='bbox 1219 4540 1518 4615; x_wconf 71' lang='lat' dir='ltr'><strong>caridem</strong></span> <span class='ocrx_word' id='word_1_272' title='bbox 1576 4544 1996 4617; x_wconf 85' lang='lat' dir='ltr'><strong>sententiam</strong></span> <span class='ocrx_word' id='word_1_273' title='bbox 2053 4542 2329 4617; x_wconf 85' lang='lat' dir='ltr'><strong>vadunt</strong></span> <span class='ocrx_word' id='word_1_274' title='bbox 2380 4548 2455 4619; x_wconf 83' lang='lat' dir='ltr'><strong>S.</strong></span> <span class='ocrx_word' id='word_1_275' title='bbox 2511 4544 2775 4618; x_wconf 71' lang='lat' dir='ltr'><strong>Petrus</strong></span> <span class='ocrx_word' id='word_1_276' title='bbox 2812 4624 2824 4634; x_wconf 20' lang='grc' dir='ltr'>κ</span> <span class='ocrx_word' id='word_1_277' title='bbox 2860 4547 3033 4619; x_wconf 85' lang='lat' dir='ltr'><strong>Dam</strong></span> <span class='ocrx_word' id='word_1_278' title='bbox 3056 4549 3257 4623; x_wconf 79' lang='lat' dir='ltr'><strong>ianus</strong></span> 
     </span>
     <span class='ocr_line' id='line_1_37' title="bbox 513 4639 3251 4746; baseline 0.003 -34"><span class='ocrx_word' id='word_1_279' title='bbox 513 4646 588 4713; x_wconf 85' lang='lat' dir='ltr'><strong>in</strong></span> <span class='ocrx_word' id='word_1_280' title='bbox 645 4648 846 4741; x_wconf 86' lang='lat' dir='ltr'><strong>epist.</strong></span> <span class='ocrx_word' id='word_1_281' title='bbox 904 4642 989 4717; x_wconf 77' lang='lat' dir='ltr'><strong>ad</strong></span> <span class='ocrx_word' id='word_1_282' title='bbox 1041 4639 1494 4715; x_wconf 76' lang='lat' dir='ltr'><strong>Desiderium</strong></span> <span class='ocrx_word' id='word_1_283' title='bbox 1547 4642 1904 4717; x_wconf 77' lang='lat' dir='ltr'><strong>Abbatem</strong></span> <span class='ocrx_word' id='word_1_284' title='bbox 1961 4642 2455 4717; x_wconf 77' lang='lat' dir='ltr'><strong>cassinensem</strong></span> <span class='ocrx_word' id='word_1_285' title='bbox 2495 4698 2517 4734; x_wconf 87' lang='lat'><strong>,</strong></span> <span class='ocrx_word' id='word_1_286' title='bbox 2570 4645 2839 4746; x_wconf 85' lang='lat' dir='ltr'><strong>aliique</strong></span> <span class='ocrx_word' id='word_1_287' title='bbox 2896 4675 2981 4719; x_wconf 87' lang='lat' dir='ltr'><strong>ex</strong></span> <span class='ocrx_word' id='word_1_288' title='bbox 3048 4664 3251 4721; x_wconf 77' lang='lat' dir='ltr'><strong>vetu-</strong></span> 
     </span>
     <span class='ocr_line' id='line_1_38' title="bbox 513 4742 2929 4816; baseline 0.002 -2"><span class='ocrx_word' id='word_1_289' title='bbox 513 4744 640 4815; x_wconf 77' lang='lat' dir='ltr'><strong>stis</strong></span> <span class='ocrx_word' id='word_1_290' title='bbox 693 4742 952 4816; x_wconf 79' lang='lat' dir='ltr'><strong>Patres.</strong></span> <span class='ocrx_word' id='word_1_291' title='bbox 2918 4742 2929 4757; x_wconf 89' lang='lat'><em>&#39;</em></span> 
     </span>
    </p>
   </div>
  </div>
 </body>
</html>
