4487 5685
3168 358 3311 434 161

1348 573 2094 740 CAPUT
2235 575 2514 690 vm.
2648 589 2655 595 ·

585 848 722 940 De
785 831 1096 920 Stabiis
1137 838 1392 935 urbe;
1461 863 1522 916 α
1585 859 1936 945 quonam
2012 865 2325 922 eversa:
2394 833 2927 920 describuntur
2982 836 3324 946 templa,

675 972 776 1042 ‘et
840 979 1034 1035 nova
1113 955 1298 1036 urbs
1335 989 1356 1029 .-
1430 969 1690 1060 aquae
1765 955 2218 1038 minerales
2261 1015 2288 1054 ,
2368 953 2497 1033 lac
2569 949 3075 1036 Stabianum·
3171 949 3321 1034 Li·-

699 1087 916 1152 teme
959 1132 984 1169 ,
1068 1086 1150 1152 et
1229 1073 1781 1172 Granianum3
1853 1068 2064 1168 sinus
2131 1069 2585 1173 Stabiensis
2623 1127 2653 1175 ‚
2719 1083 2798 1166 ,et
2834 1067 3094 1152 Petra
3128 1071 3331 1150 Her·

707 1185 934 1280 culis,

806 1413 1066 1500 'Haud
1143 1445 1435 1532 parum
1501 1451 1550 1504 a
1612 1419 2020 1532 Pompeiis
2082 1417 2636 1532 adsurgebant
2694 1417 3042 1524 Stabiae,
3107 1444 3319 1530 quae
3428 1396 3664 1462 ·⁵‘⁸¹'i“‘

589 1531 797 1622 ,au-bs
861 1531 1216 1636 nobilis,
1274 1567 1439 1624 non
1505 1567 1740 1624 secus
1804 1565 1897 1619 ac
1959 1535 2160 1621 aliae
2258 1534 2775 1652 Campaniae
2864 1555 3319 1622 evaserunt.

579 1645 1064 1744 Hodiedum
1121 1652 1464 1740 eandem
1533 1655 1820 1740 urbem
1896 1655 2399 1768 appeliamus
2462 1653 2715 1766 patria
2780 1649 3077 1762 'lingua
3178 1649 3369 1768 Cas

577 1761 788 1854 stetl’
825 1795 876 1846 a
936 1763 1182 1862 Mare
1222 1830 1248 1871 ,
1310 1793 1391 1856 et
1461 1767 1784 1859 Casteu'
1819 1803 1872 1866 a
1933 1780 2182 1856 Mare
2251 1776 2337 1855 di
2407 1773 2693 1856 Stabiu
2734 1831 2759 1878 ,
2852 1775 3017 1851 n‘on
3113 1769 3313 1880 quia

581 1879 758 1962 heic
811 1878 1127 1965 Stabiae
1191 1886 1386 1972 sitae
1447 1887 1742 1996 suere,
1809 1884 1948 1970 sed
2011 1890 2202 2000 quia
2269 1884 2371 1970 ab
2432 1915 2527 1972 eo
2568 1887 2758 1971 loco
2792 1884 2987 1970 urbs
3022 1911 3318 1997 parum

561 1993 850 2080 ,dissita
891 2027 918 2073 .·
983 2025 1073 2079 ea
1135 1999 1358 2096 enim
1417 2002 1582 2086 fuit
1647 2001 1788 2100 ubi
1852 2030 2078 2086 nunc
2145 2001 2261 2087 ad·
2316 2002 2833 2089 Granianum
2894 2001 3048 2082 iter
3108 2015 3227 2080 est
3262 2059 3296 2101 ,

564 2113 721 2224 ‚qui
785 2111 1008 2196 locus
1071 2141 1330 2231 prope
1379 2115 1820 2206 hodiernas
1885 2137 2004 2202 est
2059 2115 2379 2204 Stabiae
2440 2115 2615 2203 duo
2706 2118 3030 2202 circiter
3113 2114 3295 2196 mil-

577 2227 833 2320 liaria.
895 2231 1018 2326 Ea
1078 2229 1276 2312 urbs
1339 2264 1639 2347 parum
1701 2237 1940 2320 etiam
2001 2231 2359 2320 distabat
2418 2235 2523 2321 ab
2583 2233 2881 2348 AEqua,
2918 2251 3001 2316 et
3036 2227 3141 2312 ad
3181 2239 3306 2316 ra·

585 2338 802 2424 dices
866 2342 1126 2424 Aurei
1197 2348 1526 2444 montis
1587 2347 1748 2426 fuit
1809 2351 1960 2428 sita
1997 2404 2024 2443 ,
2085 2348 2231 2456 qui
2296 2369 2417 2428 est
2508 2377 2605 2432 ex
2701 2344 3339 2458 Apenninorum

567 2475 888 2539 eatena.
949 2457 1026 2540 A
1087 2454 1449 2570 Neapoli
1519 2456 1873 2542 distabat
1931 2455 2174 2542 XVI.
2237 2459 2363 2542 M.
2420 2466 2515 2544 P·
2556 2479 2635 2542 et
2664 2459 2769 2544 ad
2791 2461 3339 2571 Campaniam

593 2569 946 2658 Felicem
1009 2568 1430 2686 quondam
1497 2573 1919 2690 pertinuit.
1983 2569 2236 2659 Haud
2298 2575 2586 2686 procul
2646 2570 2751 2658 ab
2810 2574 3095 2659 iisdem
3153 2573 3330 2656 Sta-

583 2687 740 2773 biis
803 2686 1168 2798 adsurgit
1233 2715 1474 2774 mons
1535 2691 1962 2774 Lactarius
2006 2748 2034 2788 ,
2129 2687 2423 2804 aliique
2518 2689 2663 2804 qui
2752 2691 3046 2774 urbem
3140 2691 3331 2777 satis

577 2803 1064 2901 umbrosam
1141 2799 1537 2889 efficiunt.
1603 2803 2132 2915 Pellegr'inius
2193 2805 2412 2891 Disc.
2509 2807 2619 2891 11.
2694 2835 3015 2924 paragr.
3113 2823 3226 2913 24
3285 2839 3331 2893 a

581 2920 926 3037 Pelasgis
995 2920 1034 3043 s
1108 2920 1252 3035 qui
1317 2952 1416 3007 ex
1476 2923 1742 3007 Sarno
1795 2920 2061 3011 fluvio
2119 2920 2343 3037 apud
2403 2952 2655 3038 quem
2747 2925 3267 3009 incoluerunt
3305 2987 3333 3031 ‚

559 3038 888 3151 ,quique
937 3034 1116 3123 sese
1177 3034 1588 3125 Sarrastes
1649 3038 2036 3127 dixerunt
2075 3100 2100 3145 ‚
2157 3064 2206 3121 a
2266 3039 2633 3153 Virgilio
2710 3037 3031 3126 AEneid.
3137 3036 3319 3127 Vll,

565 3154 1212 3239 commemorati
1277 3177 1566 3269 postea
1610 3157 2056 3242 Nuceriam
2083 3151 2635 3241 condiderunt
2670 3214 2693 3261 ,
2724 3174 2821 3239 ut
2875 3154 3087 3239 infra
3121 3152 3333 3239 dice-

581 3296 776 3355 mus
842 3266 882 3383 )
947 3268 1460 3358 aedificatam
1527 3272 1773 3357 fuisse
1859 3291 2311 3381 autumat3
2402 3268 2909 3385 eandemque
2992 3276 3333 3385 Pompe·

581 3387 702 3469 ios
761 3388 974 3472 inter
1015 3450 1040 3495 ‚
1107 3409 1185 3473 et
1243 3390 1738 3495 Surrentum
1799 3387 1884 3471 in
1946 3384 2222 3475 medio
2280 3388 2831 3505 Neapolitano
2896 3389 3079 3471 sinu
3143 3419 3313 3502 ,po-

583 3502 820 3586 sitam
879 3525 1196 3587 certum
1272 3525 1390 3590 est
1431 3567 1462 3608 ,
1535 3505 1912 3617 quamvis
2005 3504 2110 3591 de
2198 3504 2333 3588 iila
2409 3504 2719 3591 nullam
2807 3504 3312 3591 mentionem

589 3616 831 3697 faciat
889 3616 1210 3701 Strabo,
1274 3622 1702 3729 Capacius‚
1729 3618 2100 3727 Dialoghi
2129 3618 2271 3701 del
2327 3622 2806 3727 Forastiere,
2844 3622 3136 3707 Giorn.
3200 3620 3315 3708 X.

581 3729 910 3813 nulium
953 3730 1186 3843 opidi
1248 3732 1599 3843 assignat
1658 3732 1906 3814 situm
1948 3791 1979 3833 ,
2050 3730 2189 3813 sed
2252 3732 2525 3845 potius
2588 3729 2811 3818 idem
2868 3764 2959 3817 ae
3018 3736 3307 3820 Taura-

526 3844 802 3935 .n.iam
867 3845 1114 3931 fuisse
1174 3846 1647 3937 arbitratur.
2506 3852 2529 3867 '
3036 3864 3043 3872 ’

813 3962 1259 4078 Postquam
1324 3962 1542 4075 Syna
1601 3962 2028 4051 stabianus
2089 3992 2186 4049 ex
2248 3994 2391 4049 aua
2460 3962 2692 4051 eiecit
2786 3962 2991 4049 urbe
3029 4025 3053 4071 ,
3134 3992 3323 4048 ean·

581 4077 938 4194 demque
1006 4081 1298 4169 evertit
1361 4080 1550 4185 belli
1612 4081 1948 4167 Socialis
2011 4101 2444 4195 tempore,
2520 4078 2857 4199 opidani
2916 4080 3075 4169 alio
3162 4109 3309 4163 au-

591 4196 885 4309 fugere-
949 4196 1121 4301 Vbi
1181 4226 1372 4285 vero
1435 4228 1660 4285 nunc
1704 4198 2008 4283 dicitur
2042 4200 2527 4310 Car-miano,
2560 4218 2638 4283 et
2682 4206 3025 4284 Varano
3060 4226 3312 4313 quon,

588 4310 782 4397 dam
841 4312 1280 4429 antiquum
1340 4310 1686 4431 opidum
1745 4314 2030 4399 extitit.
2095 4314 2488 4430 Pet-plura
2560 4315 2774 4401 enim
2816 4314 3309 4429 ibiantiqui·

587 4430 773 4515 tatis
845 4452 1378 4519 monumenta
1437 4430 1774 4516 fuerunt
1837 4428 2313 4538 eruderant,
2378 4436 2492 4517 uti
2554 4450 2905 4541 statuae,
2943 4428 3303 4533 tabulae,

579 4544 1072 4647 numismata
1113 4610 1136 4654 ‚
1201 4542 1564 4643 aedificia
1600 4610 1624 4654 ‚
1683 4546 2000 4662 aliaque
2059 4546 2146 4635 id
2237 4578 2489 4663 genus
2530 4613 2558 4652 ,
2650 4568 2733 4635 et
2808 4548 3284 4664 praesertim

581 4662 1316 4875 Αωρὶᾶξὼῗῑτω
1349 4728 1396 4789 2
1457 4680 1550 4775 ut
1609 4694 1708 4777 ⁸ex
1764 4664 2200 4777 ruderibus
2227 4730 2273 4793 ζ
2332 4686 2585 4783 atque
2640 4664 3288 4759 schemate-licet

893 4844 912 4871 .
1069 4846 1092 4870 .
2369 4810 2527 4885 22.
