4487 5685
529 3430 539 3443 “
679 3408 686 3415 ”
737 3412 890 3471 ⁸1¹¹ss
907 3416 1207 3495 Stahinanq.

1171 431 1458 602 feudos
1527 528 1908 596 cutaneos
1969 505 2302 600 morbos
2344 574 2369 616 ,
2448 533 2529 604 ct
2596 507 2943 602 scabiem
3015 507 3605 599 mundandam.
3672 515 3884 622 Sunt

1171 655 1248 716 et
1327 629 1459 711 alii
1539 631 1760 742 parvi
1839 629 2102 712 fontes
2165 628 2253 714 in
2314 659 2509 740 agro
2564 633 3015 734 Stabiensi‚
3095 628 3197 713 de
3262 631 3563 746 quibus
3672 665 3901 736 meu-2

1177 747 1484 832 tionem
1547 745 1734 828 facit
1811 745 2188 832 laudatus
2248 745 2659 836 Milantius
2718 751 2899 836 loco
2961 748 3217 836 citato
3302 779 3473 861 pag.
3556 759 3691 834 26.
3743 803 3752 810 -

1417 861 1586 946 Lac
1677 861 2094 950 Stabieuse
2189 861 2293 945 ab
2386 867 2743 978 antiquis
2820 865 2972 950 suit
3038 866 3385 954 maxime
3488 893 3911 956 commen·

1178 980 1498 1066 datum.
1567 980 1916 1065 Calenus
1975 979 2076 1062 de
2145 979 2550 1064 Methodo
2620 979 2841 1066 Med.
2912 981 3060 1079 lib,
3137 981 3245 1066 V.
3312 1009 3383 1066 c.
3466 1007 3569 1066 12
3642 1005 3908 1068 narrat

1183 1095 1588 1211 quendam
1653 1095 2154 1204 aegritudine
2209 1095 2601 1184 affectum
2661 1096 2863 1184 lacte
2952 1097 3351 1190 Stabiensi
3430 1101 3905 1193 mirandum]

1185 1216 1268 1297 in
1339 1213 1684 1310 modum
1751 1211 1994 1298 fuisse
2065 1234 2473 1298 sanatum.
2552 1213 2735 1306 Hoc
2805 1244 2993 1302 vero
3060 1219 3573 1326 praeclarum
3612 1240 3687 1300 et
3732 1247 3907 1326 pre·

1103 1347 1106 1350 ⁴
1187 1331 1487 1416 tiosum
1545 1329 1670 1414 lac
1731 1357 1822 1412 ex
1865 1331 2170 1424 ‚vicino
2241 1327 2771 1440 colligebatur
2837 1351 3119 1428 monte
3180 1333 3589 1433 Lactario,
3632 1343 3913 1434 Monta

1187 1447 1286 1534 di
1349 1447 1724 1553 Lettere,
1787 1449 1930 1558 qui
1985 1445 2168 1532 urbi
2231 1448 2633 1538 imminet.
2710 1449 3165 1564 Procopius,
3222 1447 3325 1552 de
3393 1447 3899 1554 BelloGroth.

1185 1558 1329 1656 lib.
1382 1565 1538 1650 IV.
1603 1566 1936 1648 huiusce
2003 1569 2307 1660 montis
2342 1567 2853 1660 mentionem
2914 1565 3387 1672 facit‚cnm
3430 1587 3695 1650 narrat
3730 1566 3911 1648 hor-

1192 1677 1546 1764 rendum
1611 1677 2004 1796 praelium
2061 1679 2275 1763 inter
2348 1680 2774 1782 Narsetis‚
2860 1704 2939 1767 et
3030 1680 3331 1766 Theiae
3432 1681 3917 1786 Gothorum(

1189 1795 1424 1906 Regis
1489 1797 1812 1910 copias..
1891 1793 2371 1885 Hodiedum
2430 1795 2555 1902 lac
2624 1799 3043 1900 Stabiense
3138 1801 3379 1906 etiarn
3470 1803 3683 1904 inter
3720 1793 3917 1905 deli·

1185 1912 1340 1994 cias
1400 1911 1780 1999 habetur.

729 2043 1187 2126 muraenam-
1421 2033 1686 2142 Prope
1751 2027 2066 2118 Stabias
2135 2030 2214 2112 in
2256 2029 2888 2143 Apenninorum
2952 2051 3225 2116 catena
3295 2059 3537 2144 supra
3612 2025 3907 2115 collem

843 2133 1077 2172 maun.
1199 2141 1498 2264 adsunt
1569 2146 1980 2254 Litterae,
2089 2145 2475 2252 Lettere,
2554 2179 2760 2264 quae
2869 2147 3059 2246 urbs
3122 2175 3419 2234 nomeu
3512 2177 3557 2226 a
3640 2144 3919 2240 vicino

1195 2261 1528 2346 fortasse
1597 2266 1968 2348 Lactario
2031 2283 2315 2352 monte
2382 2266 2826 2380 usurpavit.
2904 2265 3028 2362 Ea
3094 2289 3140 2342 a
3242 2263 3589 2374 Neapoli
3648 2255 3920 2340 sexde-

1195 2379 1360 2462 cim
1432 2381 1678 2464 distat
1749 2378 2140 2484 milliaria·
2201 2382 2413 2464 Sunt
2500 2381 2643 2498 qui
2708 2401 2997 2493 putant
3062 2375 3406 2464 eandem
3480 2373 3583 2462 ab
3656 2375 3924 2464 Amalf

1201 2494 1554 2610 phitanis
1621 2495 1864 2598 fuisse
1925 2495 2368 2590 conditam.
2428 2495 2763 2594 Saeculo
2826 2495 3147 2580 decimo
3218 2493 3399 2581 villa
3493 2487 3929 2590 Stabiensis,

1207 2608 1426 2694 urbis
1485 2636 1707 2719 erat,
1769 2636 1852 2712 et
1913 2635 2032 2700 est
2091 2613 2281 2710 satia
2340 2617 2669 2744 antiqua
2710 2675 2743 2720 2
2814 2643 2901 2696 ea
2972 2645 3071 2696 ne
3134 2638 3297 2706 non
3400 2605 3506 2702 ad
3588 2608 3935 2719 Campa·

1201 2726 1470 2832 niam,
1537 2731 1674 2818 sed
1737 2730 1842 2818 ad
1903 2730 2463 2842 principatum
2584 2729 2873 2813 ertinet
2976 2727 3393 2838 iteriorem
3434 2789 3459 2830 ,
3520 2753 3723 2840 quae
3756 2749 3939 2838 pars

1133 2876 1146 2891 ·
1209 2844 1414 2943 olim
1473 2851 1574 2934 ad
1639 2850 1954 2963 Irpinos
2019 2845 2435 2959 pertinuit.
2570 2874 2770 2959 rope
2828 2841 3143 2945 Literas
3204 2842 3559 2961 adsurgit
3598 2840 3941 2928 Grania-

1201 2990 1462 3075 num‚
1526 2965 1770 3076 vulgo
1841 2964 2293 3077 Gragnano
2332 3021 2359 3062 ,
2426 2960 2649 3049 haud
2712 2960 3005 3077 procul
3062 2990 3112 3049 a
3172 2965 3402 3069 mari.
3468 2964 3659 3047 Post
3716 2988 3945 3047 eve-r·-

1203 3106 1372 3188 sam
1437 3080 1722 3166 urbem
1787 3076 2098 3165 Stabia's
2159 3074 2363 3177 illud
2456 3078 2619 3169 fuit
2674 3072 3219 3171 aedificatum.
3330 3090 3591 3189 Agros
3700 3072 3944 3173 habet

1199 3198 1706 3327 propinquos
1769 3200 1972 3302 mira
2007 3194 2483 3325 fertilitate²
2546 3217 2626 3282 et
2684 3196 2875 3309 satis
2912 3193 3417 3305 foecundos3
3480 3189 3939 3280 celebratut

1200 3338 1368 3401 elus
1429 3344 1740 3409 vinum.

1439 3436 1707 3516 Pauca
1801 3433 1920 3519 de·
1989 3430 2385 3518 Stabiensi
2470 3430 2651 3515 sinn
2720 3427 2853 3549 (1)
2916 3424 3297 3512 dicemus.
3366 3422 3664 3507 Totam
3764 3450 3953 3512 eam

1203 3564 1566 3661 partem,
1639 3580 1849 3667 quae
1907 3584 1950 3637 a
2015 3549 2309 3636 Stabiis
2366 3546 2471 3631 ad
2536 3549 2959 3668 Pompeios
2994 3539 3666 3660 protendebatur,
3744 3536 3951 3645 olim

1207 3692 1430 3747 mare
1493 3666 1734 3755 fuisse
1797 3670 2224 3771 creditum
2292 3664 2432 3783 qui
2500 3694 2601 3781 pe
2660 3664 2895 3781 quod
2957 3692 3185 3767 mare.
3216 3656 3561 3761 interius
3622 3677 3827 3764 erat,
3860 3674 3945 3736 et

1207 3784 1436 3895 quasi
1481 3786 1620 3899 (ut
1677 3788 1786 3870 ita
1851 3784 2158 3902 dicam)
2223 3786 2335 3869 ad
2478 3784 2729 3887 esuvii
2794 3778 3101 3867 radices
3141 3772 3753 3865 extendebatur.
3794 3775 3951 3856 As-

1207 3897 1484 3987 siduae
1543 3904 2222 4018 conflagrationes
2284 3902 2487 3987 adeo
2550 3904 2933 3986 locorum
2997 3898 3287 3993 faciem
3354 3894 3949 3986 immutarunt,

1208 4034 1300 4099 ut
1362 4012 1866 4109 St'abiensem
1898 4023 2176 4107 sinum
2237 4023 2577 4120 omniuo
2640 4014 3098 4105 everterint.
3166 4008 3377 4128 Quis
3416 4006 3639 4101 enim
3686 4024 3951 4117 uegeta

737 869 844 920 Lu
881 857 1173 928 stabianus.

1417 4438 1533 4535 (ι)
1585 4438 1727 4513 Hic
1809 4451 2003 4513 totus
2051 4434 2254 4517 sinus
2320 4460 2360 4507 a
2439 4432 2795 4517 Strabone
2842 4430 2979 4505 lib.
3045 4426 3142 4503 V.
3196 4424 3501 4499 Fretum
3572 4416 3961 4494 Stabienso

1215 4532 1536 4630 dicitur,
1597 4542 1670 4610 in
1731 4564 1964 4640 eoque
2027 4535 2353 4611 adstabat
2438 4534 2985 4611 Herculanense
3040 4526 3622 4635 promontorium
3662 4574 3683 4609 ‚
3764 4514 3964 4615 quod

1213 4648 1502 4737 propter
1549 4636 1869 4712 assiduas
1901 4636 2150 4711 ‘confla
2209 4636 2517 4709 rationes
2568 4634 2712 4709 fnit
2764 4634 3248 4729 imminutum
3280 4682 3303 4723 ‚
3352 4642 3425 4705 et
3474 4624 3875 4733 depressum
3943 4636 3969 4711 ².

1220 4760 1417 4821 nunc
1469 4760 1553 4821 ea
1605 4762 1768 4849 pars
1819 4736 2090 4823 dicitur
2205 4757 2351 4837 apo
2398 4734 2471 4811 d'
2494 4734 2810 4830 Vncin‘o,
3570 4738 3577 4747 ·
