4487 5685
3116 397 3213 484 15

787 509 1268 624 Numquam
1337 509 1786 598 desinerem
1827 573 1858 616 ,
1925 513 1992 596 si
2073 511 2422 622 singulas
2524 537 2892 596 enarrare
2980 427 3731 636 velleniffinssfggffij

561 627 1303 738 conflagrationes,
1365 659 1574 744 quae
1631 623 2213 744 saepenumero
2300 655 2661 714 evenere.
2762 622 2989 710 Nihil
3090 629 3268 712 heic

569 775 1020 827 memorem
1087 747 1304 828 illam
1367 747 1560 830 anni
1619 739 2202 834 MDCXXXI.
2270 743 2382 832 V.
2450 739 2643 824 ldus
2701 737 3087 828 Decemb.
3148 745 3273 828 in-

560 879 936 972 coeptam
982 922 1009 962 ,
1074 891 1286 975 quae
1347 860 2148 975 pluresnperduravit
2209 857 2405 944 dies,
2464 855 2585 942 Ea
2658 853 2985 972 quidem
3090 879 3269 972 post

560 976 777 1058 illam
841 973 1248 1060 Titianam
1313 977 1794 1080 describitur
1858 998 1949 1058 υτ
2008 973 2413 1058 horrenda
2476 973 2686 1056 inter
2746 993 3047 1056 ceteras
3086 1003 3269 1060 om·

563 1123 726 1174 nes.
787 1089 1000 1176 Nam
1063 1114 1258 1174 tnnc
1318 1095 1726 1178 Vesuvius
1788 1120 1954 1177 non
2015 1089 2283 1173 solum
2344 1088 2431 1170 in
2492 1090 2797 1172 vicinos
2835 1148 2860 1189 ,
2925 1109 3003 1169 et
3094 1090 3275 1174 lou-
3332 1103 3337 1108 ’

559 1210 908 1318 ginquos
963 1237 1196 1320 agros
1255 1207 1855 1324 ignis··flumina
1911 1205 2279 1320 undique
2338 1206 2697 1291 evomuit
2742 1263 2771 1305 ‚
2854 1222 3093 1310 saxa,
3158 1207 3265 1289 ci·
3336 1209 3343 1216 ’

561 1347 854 1422 nerea,
929 1321 1295 1408 bitumen
1337 1387 1358 1428 ,
1421 1345 1498 1408 et
1557 1355 1955 1438 aquarum
2019 1353 2114 1407 ex
2181 1323 2479 1408 montis
2542 1318 2837 1406 vertice
2874 1321 3121 1403 veluti
3154 1320 3273 1408 di-

563 1435 937 1542 luvium,
1001 1471 1284 1528 verum
1342 1444 1583 1526 etiam
1653 1443 2084 1526 hominum
2151 1436 2253 1522 ad
2311 1458 2669 1554 quatuor
2772 1436 3019 1520 millia
3068 1496 3093 1543 ,
3188 1453 3267 1520 et

553 1545 900 1662 amplius
963 1565 1282 1668 praeter
1343 1555 2263 1644 animantia'innumera
2330 1554 2667 1640 necavit·
2732 1558 2862 1638 Ne
2948 1550 3267 1665 longius
3337 1603 3348 1612 -

557 1663 840 1746 abeam
885 1727 912 1769 ‚
979 1670 1081 1754 de
1141 1702 1234 1756 ea
1295 1675 1494 1758 mihi
1554 1671 1964 1758 silentium
2025 1672 2621 1789 imponendum
2684 1667 3037 1772 curabo,
3132 1667 3273 1752 sed

563 1779 630 1862 si
691 1783 874 1890 quis
932 1781 1324 1897 integram
1369 1787 1702 1873 huiusce
1735 1791 2253 1876 eructationis
2290 1787 2713 1872 historiam
2752 1815 2847 1867 cu
2916 1785 3011 1887 it,
3046 1783 3277 1870 Ioan-

559 1923 746 1978 nem
814 1897 1412 1988 Bet-nardinum
1479 1903 1882 1988 Iulianum
1943 1905 2179 1989 adeat
2223 1906 2327 1988 ‘in
2391 1901 2777 1984 Tractatu
2906 1929 2951 1981 e
3027 1897 3282 1988 Vesu-

555 2010 686 2090 vio
749 2013 959 2126 typis
1021 2016 1241 2102 edito
1297 2019 1640 2133 Neapoli
1735 2051 1954 2109 anno
2043 2019 2501 2134 insequenti
2541 2077 2565 2114 ,
2636 2017 2992 2131 quique-
3054 2011 3274 2096 testis

553 2121 708 2214 {uit
769 2131 1160 2218 oculatus.
1231 2134 1383 2219 Hic
1449 2165 1636 2221 vero
1703 2135 2012 2241 tradit,
2095 2137 2413 2221 ‘cineres
2503 2160 2672 2219 non
2767 2129 3033 2216 solum
3126 2157 3277 2240 Per-

551 2259 806 2322 totam
873 2243 1402 2357 Campaniam
1452 2313 1478 2352 ,
1541 2271 1620 2334 et
1679 2285 1826 2364 per
1887 2250 2074 2335 alias
2135 2249 2651 2364 Neapolitani
2691 2247 2907 2359 regni
2944 2246 3267 2358 provin·

507 2353 770 2454 ’cias,
837 2353 973 2436 sed
1041 2387 1298 2473 usque
1353 2363 1436 2442 iu
1503 2367 1932 2448 Graeciam
1988 2391 2446 2472 pervagasae
2486 2422 2509 2466 ,
2572 2383 2651 2444 et
2746 2375 3274 2443 terraemotus

555 2495 703 2580 per
761 2498 894 2552 eos
954 2468 1122 2554 dies
1180 2472 1542 2568 assiduos
1602 2475 1804 2559 adeo
1864 2474 2110 2558 fnisse
2153 2531 2178 2580 ,
2246 2473 2913 2587 horrendosque,
2988 2471 3271 2555 utiam

561 2587 810 2668 morti
874 2589 1284 2696 proximos
1335 2605 1686 2674 'cunctos
1747 2587 2182 2672 destinaret
2248 2588 2659 2672 mortales·

465 2785 468 2790 ,
783 2699 1018 2783 Iuvat
1078 2705 1258 2787 heic
1323 2705 1562 2788 etiam
1625 2733 2001 2792 enarrare
2059 2699 2665 2790 celeberrimam
2727 2721 2997 2788 nostra
3060 2690 3734 2826 ῑεω-ξξὶαὸἕξξὶῖᾷζ

557 2835 862 2925 pestate
925 2817 1643 2928 conflagrationem
1673 2882 1706 2929 ,
1777 2841 1986 2939 quae
2047 2819 2339 2905 accidit
2378 2850 2595 2906 anno
2624 2817 3256 2906 MDCCXCW.
3725 2815 3737 2835 ⁴

555 2928 835 3016 Xvn.
937 2932 1117 3019 Kal.
1183 2937 1489 3043 Iulias,
1552 2968 1736 3023 cum
1835 2936 2124 3022 Turris
2191 2940 2493 3024 Octava
2530 2996 2563 3043 ,
2635 2942 2717 3023 la
2802 2936 3051 3023 Tor-re
3142 2937 3275 3019 del

567 3046 836 3133 Greco
903 3044 1164 3133 deleta
1229 3052 1546 3164 penitus
1611 3055 1796 3140 fuit.
1857 3052 2034 3137 lam
2091 3050 2365 3169 plures
2424 3054 2616 3141 an‘ni
2680 3072 2973 3157 eraut,
3080 3080 3273 3134 cum

556 3190 793 3247 mons
855 3164 1118 3275 ignem
1191 3186 1336 3279 p'er
1399 3197 1488 3253 os
1546 3172 1716 3257 sine
1779 3171 2232 3255 vicinarum
2295 3171 2659 3281 gentium
2722 3167 3033 3253 damno
3066 3198 3275 3281 quo·

559 3281 824 3361 tannis
891 3283 1370 3385 emittebat,
1479 3314 2010 3370 cum·1nense
2075 3288 2309 3369 lunio
2403 3285 2625 3369 calor
2694 3284 3056 3397 undique
3154 3286 3265 3365 ita

555 3396 1086 3507 percrebuit,
1166 3420 1254 3483 ut
1317 3402 1474 3485 iam
1519 3400 1852 3515 aliquid
1913 3404 1994 3485 in
2063 3422 2352 3485 natura
2416 3400 2785 3487 futurum
2828 3430 2991 3486 esse
3056 3430 3273 3512 prae·

565 3510 966 3595 dicaretur
1009 3576 1042 3615 ,
1111 3518 1224 3599 At
1289 3516 1502 3601 calor
1555 3520 1924 3631 ,aerisque
1981 3522 2240 3630 gravis
2304 3520 2729 3630 occupatio
2826 3547 3079 3629 usque
3180 3544 3274 3598 eo

561 3627 814 3705 crevit
881 3626 1150 3737 quoad
1241 3633 1572 3715 tandem
1666 3632 2028 3713 eiusdem
2121 3632 2277 3712 diei
2366 3651 2599 3713 nocte
2686 3652 2961 3715 motus
3016 3654 3277 3713 terrae

559 3732 884 3819 auditus
921 3800 944 3842 ,
1011 3736 1460 3855 eodemque
1523 3745 1908 3856 temporis
1969 3743 2230 3857 spatio
2294 3770 2631 3853 magnus
2664 3746 2865 3828 adeo
2926 3742 3279 3855 crepitus

567 3883 610 3934 e
675 3871 950 3935 monte
1049 3853 1364 3961 sactus,
1441 3878 1542 3952 ut
1590 3856 1960 3972 exemplo
2023 3888 2167 3971 per
2229 3856 2587 3942 eiusdem
2680 3859 2889 3944 latus
2979 3860 3276 3969 ignivo-

559 3997 788 4054 mum
853 3990 1222 4055 eructans
1283 4002 1650 4080 amnem,
1717 3974 2272 4089 ferrugineum
2362 3973 2733 4061 bitumen
2775 4040 2801 4081 ,
2874 3976 3177 4090 lapides
3237 4039 3269 4079 ,

554 4108 912 4201 saxaque
977 4090 1056 4171 in
1125 4088 1456 4173 Tun-nim
1499 4090 1906 4175 Octavam
1965 4122 2054 4173 ex
2097 4090 2537 4203 improviso
2576 4126 2617 4177 e
2678 4114 2959 4179 monte
3025 4092 3307 4173 ἥττω-,4

563 4205 738 4305 rit,
810 4222 890 4286 et
951 4234 1046 4287 ex
1110 4233 1196 4285 ea
1265 4204 1464 4288 urbe
1527 4204 1744 4308 facto
1813 4207 2042 4317 igneo
2103 4206 2446 4290 flumine
2512 4212 2799 4293 misere
2862 4210 3075 4292 illam
3141 4204 3277 4289 de·

559 4318 741 4400 lerit
783 4380 808 4417 ‚
876 4342 1124 4433 atque
1185 4322 1575 4415 admei-e
1637 4352 1896 4433 usque
1950 4321 2461 4409 decurrerit.·
2505 4323 2829 4408 Po'stera
2896 4352 3083 4407 vero
3148 4322 3279 4405 die

568 4434 692 4515 vix
758 4432 936 4517 luce
999 4468 1140 4547 per
1205 4438 1572 4521 tenebras
1632 4438 1920 4521 emissa
1985 4466 2379 4552 perquam
2456 4438 2897 4523 horrendas
2958 4469 3099 4553 per
3158 4468 3279 4519 ur·

557 4546 698 4632 bes
761 4549 1058 4634 vicinas
1123 4572 1290 4633 erat
1349 4554 1964 4636 ambulandum.
2057 4554 2288 4637 Adeo
2372 4553 2571 4637 cinis
2630 4558 2947 4639 coelum
3040 4553 3275 4636 undi-

419 4666 430 4673 ’
565 4692 716 4779 que
777 4666 1237 4751 offuderat!
1297 4670 1544 4751 Mons
1607 4697 1798 4753 veto
1901 4666 2405 4791 horren-dum
2495 4685 2638 4785 per
2734 4672 3001 4787 plures
3099 4700 3271 4751 mu·-
