4487 5685
759 1985 1035 2084 Arpinum.

1127 260 1242 346 62

1115 391 1422 460 armata
1491 401 1632 486 per
1689 399 2058 466 aversam
2134 393 2453 488 portam
2518 372 2877 487 erumpit
2926 399 2947 456 ε
3018 403 3197 488 pars
3258 371 3410 458 alia
3470 375 3677 489 quae
3716 391 3839 462 ar*

1125 524 1258 588 ma
1299 489 1800 603 ‚deposuerat
1841 555 1864 596 ,
1928 521 1973 574 a
2031 491 2531 580 Samnitibus
2588 488 3121 596 circumdata,
3158 493 3345 604 igne
3402 513 3837 582 crematur.

1351 613 1546 720 Quo
1609 640 1798 694 vero
1859 631 2226 723 tempore
2292 610 2707 698 Hannibal
2764 613 2851 694 in
2941 608 3261 696 Italiam
3344 607 3757 697 descendit
3816 673 3847 716 ,

1119 727 1532 842 Fregellae
1593 757 1782 810 eum
1852 727 2128 838 paucis
2207 729 2381 812 aliis
2440 731 2521 812 in
2586 731 3159 848 Rgmanorum
3222 726 3479 814 fidem
3544 729 3851 812 restite·

1118 875 1226 928 re.
1295 844 1530 958 Quin
1591 844 1761 926 imo
1827 843 2038 926 idem
2104 847 2543 963 Patavinus
2577 849 2861 964 prodit
2896 840 3333 928 historicus
3371 842 3842 930 lib.XxV1.

1117 989 1186 1044 e.
1263 996 1310 1072 9
1366 977 1694 1044 ‘tantam
1751 961 1992 1044 fuisse
2061 965 2722 1075 Fregellanorum
2784 960 3053 1050 fidem·
3094 961 3179 1044 in
3244 961 3695 1064 Romanos,
3757 984 3851 1047 nt

1111 1107 1300 1160 cum
1365 1075 1780 1162 Hannib'al
1845 1107 2138 1166 eorum
2197 1081 2487 1173 urbem
2544 1078 3293 1195 adpropinquavit,
3336 1095 3670 1194 pontem
3712 1109 3847 1164 xa·

1113 1193 1400 1276 starint
1439 1253 1470 1296 ,
1573 1225 1742 1310 quo
1837 1197 2105 1282 eidem
2195 1203 2351 1286 iter
2412 1219 2831 1316 negarent.
2889 1191 3322 1308 Temporis
3420 1219 3845 1306 progressu

1114 1306 1558 1426 Fregellani
1616 1341 1668 1396 a
1729 1316 2144 1422 Romanis·
2187 1305 2663 1421 descivere,’
2724 1309 2997 1400 nescio
3058 1341 3219 1425 qua
3252 1306 3357 1394 de
3384 1337 3653 1410 causa,
3694 1313 3839 1424 qui

1111 1426 1492 1560 {inseram
1595 1429 2160 1550 perfidamque
2239 1439 2529 1526 urbem
2592 1437 2763 1522 sato
2826 1427 3120 1514 ultimo
3211 1425 3575 1530 dedere,
3644 1451 3843 1514 cum

1116 1539 1250 1633 llla
1317 1545 1640 1652 penitus
1713 1551 1968 1634 excisa
2027 1555 2130 1644 ab
2193 1553 2477 1646 iisdem
2550 1551 2793 1642 fuerit
2834 1605 2861 1646 ,
2924 1563 3019 1626 ut
3076 1540 3397 1630 Tullius
3457 1543 3843 1630 describit

1121 1658 1228 1742 ad
1287 1659 1794 1750 Herem-lib·
1865 1672 2014 1756 l-V.
2074 1703 2143 1758 ο.
2215 1675 2348 1760 15.
2410 1675 2671 1789 quue
2730 1657 3111 1754 evenisse·
3149 1657 3633 1744 crediderim
3696 1689 3841 1744 an·

1115 1805 1247 1908 no·
1321 1779 1440 1862 V.
1505 1781 1604 1863 C·
1669 1781 2104 1880 DCXXX.
2161 1821 2339 1913 quo
2428 1809 2801 1904 tempore
2902 1773 3009 1860 ab
3066 1776 3403 1895 Opimio
3492 1777 3849 1864 Consule

1117 1889 1464 2008 opidum
1525 1898 1920 1990 dirutum.
2478 1970 2493 1987 .
3072 1979 3075 1984 .
3589 1957 3601 1972 ·
3848 1909 3861 1922 ’

1129 2129 1146 2146 .
1203 2129 1220 2146 .
1343 2014 1760 2128 Arpinum
1823 2026 2014 2115 urbs
2073 2057 2319 2142 super
2377 2027 2594 2110 viam
2652 2017 3035 2106 Latinam
3110 2007 3619 2124 Campaniae
3658 2057 3663 2062 ·
3704 2007 3847 2094 Fe·

1091 2129 1264 2216 licis
1318 2127 1638 2237 ultima,
1679 2145 2092 2253 sexaginta
2153 2143 2325 2228 duo
2386 2141 2641 2226 millia
2702 2159 3091 2249 passuum
3160 2156 3211 2210 a
3270 2127 3617 2239 Neapoli
3682 2123 3843 2211 dis·

1093 2261 1266 2340 sita.
1333 2249 1451 2330 Ea
1511 2252 1871 2362 primum
1935 2259 2040 2341 ad
2097 2261 2441 2345 Volscos
2477 2250 2925 2366 pertinuit,
2992 2266 3087 2330 ut
3142 2244 3483 2328 innuere
3518 2242 3845 2326 videtur

1091 2361 1410 2458 Tullius
1471 2371 1702 2450 orae
1767 2401 1918 2482 pro
1983 2375 2251 2458 Plane.
2310 2395 2391 2456 et
2456 2368 2865 2456 Iuvenalis
2922 2365 3192 2477 Satyr.
3255 2353 3490 2444 Vlll.
3552 2387 3621 2441 v.
3662 2357 3833 2463 245

1089 2489 1233 2577 nbi
1295 2475 1398 2563 de
1459 2482 1730 2570 Mario
1779 2487 2184 2602 Arpinate
2246 2515 2718 2574 sermonem
2774 2477 3151 2566 instituit.
3222 2469 3545 2560 Deinde
3602 2475 3833 2560 Sam·
3944 2487 3951 2490 ’

1093 2613 1298 2692 nites
1363 2619 1860 2710 tenuerunt-3
1923 2607 2497 2688 Romanorum
2564 2621 2935 2710 tempore
3028 2589 3581 2700 Municipium
3658 2617 3839 2674 eva·

1091 2729 1193 2813 sit
1233 2783 1260 2822 ‚
1323 2719 1693 2832 quamvis
1759 2717 2040 2804 Festus
2101 2747 2283 2800 eam
2339 2713 2935 2828 praefecturam
3000 2703 3249 2788 fuisse
3302 2701 3609 2821 scribit.
3676 2709 3841 2790 An.

1093 2877 1202 2931 no
1257 2835 1360 2921 ab
1425 2833 1530 2919 V.
1595 2835 1691 2917 C.
1755 2829 2076 2920 CCCL.
2137 2837 2240 2919 L.
2342 2829 2776 2931 Genusio‚
2836 2841 2921 2909 et
2982 2824 3095 2932 Q.
3200 2816 3543 2913 Servilio
3602 2817 3829 2905 Coss.

1087 2946 1624 3070 Arpinatibus
1704 2958 2172 3042 Romanam
2260 2944 2667 3038 civitatem
2762 2932 3009 3027 simul
3068 2962 3261 3021 cum
3346 2930 3831 3025 Trebulanis

1089 3078 1368 3165 datam
1407 3094 1498 3148 ex
1531 3066 1928 3155 Patavino
1961 3065 2351 3153 historico
2384 3080 2899 3179 compertum
2937 3050 3331 3142 habemus
3358 3046 3496 3133 lib.
3540 3054 3713 3139 Xe.
3760 3076 3831 3149 1,

1325 3192 1770 3301 Postquam
1831 3212 2022 3267 vero
2085 3180 2505 3297 Arpinum
2556 3172 3157 3288 'Municipium
3224 3166 3533 3275 evasit,
3616 3170 3827 3253 cives

1091 3310 1282 3395 inde
1339 3332 1536 3388 cum
1631 3300 2022 3387 Romanis
2111 3325 2595 3382 communes
2684 3289 3041 3379 habuere
3108 3285 3367 3398 leges,
3428 3303 3511 3369 et
3568 3312 3663 3369 ex
3724 3310 3823 3371 eo

1089 3450 1455 3529 tempore
1517 3419 1806 3505 urbem
1867 3416 2170 3501 divitiis
2233 3410 2560 3497 auet‘am
2616 3404 3108 3494 crediderim
3143 3431 3169 3484 ι
3234 3402 3423 3485 hinc
3484 3400 3827 3511 vectiga-

1089 3547 1194 3628 lia
1253 3541 1336 3623 in
1387 3532 1666 3619 Gallia
1730 3532 2082 3645 possedit
2119 3596 2146 3634 ,
2215 3550 2311 3613 ut
2370 3526 2649 3614 scribit
2686 3524 2979 3612 Cicero
3043 3524 3199 3633 Ep.
3236 3515 3377 3604 lib.
3444 3514 3669 3605 XIII.
3741 3544 3821 3604 2.

1089 3662 1214 3747 Ea
1273 3651 1674 3764 vectigalia
1740 3652 2164 3765 Municipii
2229 3643 2814 3762 patrimonium
2880 3634 3365 3723 efficiebant.
3430 3631 3819 3740 Quodam

1093 3780 1176 3861 in
1268 3766 1538 3880 lapide
1633 3768 1930 3878 Arpini
2011 3758 2335 3850 detecto
2409 3761 2690 3877 paucis
2774 3755 3071 3843 abhinc
3168 3746 3400 3834 annis
3464 3750 3825 3833 occurrit

1089 3892 1404 3979 mentio
1467 3880 2249 3969 cuiusdam'Fusidii
2306 3876 2813 3991 vectigalium
2872 3869 3399 3983 Arpinatium
3462 3864 3819 3951 -fortasse

1093 4003 1631 4110 redemptoris
1683 4062 1710 4101 ,
1763 4024 2013 4111 quem
2077 4016 2509 4081 memorat:
2541 3991 2765 4077 idem
2824 3986 3155 4071 Tullius
3214 3980 3417 4067 ibid.

1325 4118 1732 4233 Conlapso
1793 4119 2355 4201 Romanorum
2416 4106 2775 4221 Imperio
2832 4102 3093 4187 Gothi
3122 4101 3487 4215 primum
3526 4098 3634 4182 -in
3667 4094 3853 4184 lta&

1092 4242 1190 4325 lis
1261 4264 1600 4342 regnum
1661 4232 2110 4317 effecerunt
2145 4292 2172 4331 ,
2235 4224 2427 4310 inde
2486 4218 3006 4337 Langobardi
3067 4210 3609 4334 postmodnm·
3652 4212 3815 4299 do·

1093 4351 1384 4443 minati
1481 4372 1672 4435 sunt
1713 4406 1744 4447 ,
1811 4378 1982 4463 quo
2041 4366 2412 4458 tempore
2472 4334 3334 4425 Beneventani-duces
3422 4332 3661 4440 longe
3719 4330 3821 4411 la·

1091 4494 1338 4585 teque
1419 4464 1888 4551 dominium
1939 4490 2186 4575 snper
2252 4456 2493 4559 urbes
2554 4454 3093 4542 extenderunt
3130 4514 3155 4559 ,
3220 4478 3319 4546 ex
3378 4445 3501 4540 his
3542 4440 3819 4529 Gisul-

1093 4590 1310 4710 phur
1397 4584 1718 4677 saeculo
1779 4580 2128 4697 septimo
2187 4574 2602 4697 Arpinum
2664 4567 3139 4689 occupavit,
3202 4589 3320 4659 et,
3354 4574 3679 4672 Arcem,
3716 4579 3817 4655 ut
