4487 5685
965 333 970 336 .
3702 287 3741 336 k

1116 363 1222 424 aa

1119 443 1561 536 inducendi
1623 443 1994 534 'theatris
2051 441 2433 530 umbram
2488 445 2529 565 s
2542 449 2627 561 ι)
2690 477 2733 532 a
2792 444 3241 561 Campanis
3282 445 3634 562 primam
3678 449 3863 536 tori.-

1121 567 1396 676 ginem
1457 563 1765 650 ducens
1827 560 1932 646 ad
1988 562 2409 646 Romanos
2468 564 2859 680 temporis
2914 591 3339 677 progressu
3408 563 3857 654 derivavit.

1131 679 1400 766 Fuere
1461 677 1706 766 etiam
1769 679 2154 787 imagines
2213 675 2660 764 fornicibus
2719 677 3269 768 adhaerentes.
3354 679 3687 795 Lipsius
3748 679 3853 768 de

995 901 1003 906 -
1121 794 1440 906 Amph.
1471 822 1543 875 c.
1609 809 1664 898 4
1721 793 1807 876 in
1865 819 2156 878 arenae
2213 793 2463 904 pleno
2517 794 2699 882 Iovi
2752 793 3061 880 Latiari
3121 821 3345 880 aram
3385 857 3418 899 ,
3460 817 3607 882 aut
3672 794 3858 881 Plu·

1125 907 1302 1014 toni
1361 937 1670 991 sacram
1731 910 2081 994 extitisse
2139 906 2417 998 credit.

1350 1021 1448 1104 ln
1503 1022 2094 1138 amphitheatri
2151 1049 2347 1107 vero
2404 1023 2655 1137 plano
2715 1020 2967 1106 fuisse
3027 1023 3288 1135 liquet
3376 1027 3585 1110 imas
3662 1051 3857 1140 por·

1116 1134 1330 1222 tulas
1391 1168 1538 1250 per
1597 1136 1883 1224 orbem
1945 1137 2253 1253 positas
2300 1197 2329 1238 ‚
2388 1165 2601 1252 quae
2660 1134 3001 1251 quidem
3062 1159 3297 1221 erant
3358 1139 3760 1225 foramina
3824 1205 3861 1247 ,

1119 1249 1250 1335 vel
1311 1253 1668 1360 ostiola5
1725 1283 1822 1338 ex
1881 1251 2184 1371 quihus
2243 1252 2459 1338 ferae
2532 1250 3139 1338 emittebantur.
3250 1255 3865 1369 Amphitheatri

927 1381 934 1390 ‘
1075 1393 1310 1453 ,vero
1373 1397 1552 1453 area
1615 1397 1857 1452 arena
1919 1365 2054 1489 (2)
2120 1369 2525 1454 consterni
2581 1369 2744 1452 suit
2802 1363 3091 1474 solita}
3164 1367 3386 1452 unde
3479 1389 3695 1454 recte
3752 1377 3871 1456 αδ·

1113 1513 1438 1568 arenam
1493 1489 1954 1572 descendere
2039 1484 2146 1568 ab
2237 1484 2596 1599 antiquis
2660 1486 2741 1566 in
2826 1483 3421 1597 amphitheatri
3514 1485 3857 1600 planum

1109 1598 1448 1700 venire,
1517 1621 1598 1684 et
1655 1600 1762 1684 ad
1821 1600 2134 1716 aliquid
2191 1598 2775 1712 capessendum
2840 1599 3002 1682 fuit
3078 1619 3595 1714 usurpatum.
3630 1603 3863 1687 Prae-

1104 1731 1229 1796 ter
1287 1711 1487 1798 haec
1537 1715 1998 1832 supradicta
2047 1715 2349 1806 ‚ostiola
2406 1714 2635 1800 fuere
2692 1738 2767 1800 et
2822 1713 2977 1797 alia
3050 1711 3279 1798 duo:
3344 1743 3701 1830 qnorum
3742 1717 3861 1802 al·-

1092 1847 1366 1910 terum
1429 1851 1598 1916 erat
1655 1829 2140 1920 Libitinam
2177 1895 2202 1939 ,
2312 1859 2637 1961 ex·quo
2704 1831 3007 1914 mortui
3066 1829 3631 1916 educebantur
3688 1831 3859 1946 gla-

1099 1938 1477 2030 diatores:
1531 1943 1883 2032 alterum
1939 1951 2132 2032 huic
2185 1963 2232 2032 e
2294 1975 2621 2060 regione
2678 1947 3035 2060 positum
3076 2007 3104 2048 ,
3201 1943 3309 2028 de
3368 1973 3538 2062 quo
3614 1947 3855 2034 silent
3954 1971 3965 1978 ·
4108 1975 4121 1984 ·

1095 2077 1484 2146 auctores.
1543 2064 1810 2178 Supra
1867 2065 2013 2148 has
2073 2064 2437 2178 portulae
2496 2063 2843 2149 Podium
2906 2081 3081 2144 erat
3179 2060 3631 2154 columellis
3692 2093 3842 2175 per

1083 2171 1372 2258 orbem
1433 2178 2074 2296 circumseptum
2111 2241 2139 2281 ,
2197 2199 2279 2263 et
2342 2179 2500 2264 hoc
2562 2179 2789 2296 pedis
2883 2180 3135 2262 instar
3246 2175 3853 2293 aliquantulum

1077 2286 1498 2400 prodibat.

1231 2459 1242 2468 ·
1307 2405 1504 2492 Post
1557 2407 1906 2523 podium
1964 2409 2228 2508 locus
2264 2412 2433 2498 erat
2492 2409 2599 2494 ad
2661 2409 3221 2524 spectandum
3334 2407 3784 2496 destinatus
3822 2473 3849 2516 ‚

1073 2512 1304 2628 isque
1398 2521 1572 2604 aliis
1629 2527 1914 2604 ceteris
1974 2525 2296 2632 dignior
2356 2523 2869 2628 habebatur,
2944 2525 3233 2637 ibique
3325 2520 3843 2637 Imperatoris

1078 2652 1250 2716 erat
1310 2655 1787 2748 suggestus,
1857 2654 1942 2720 et
2000 2641 2543 2720 constitutum
2612 2635 2974 2716 tribunal
3004 2693 3036 2736 ,
3134 2655 3212 2714 et
3280 2641 3832 2744 magistratus,

1075 2765 1158 2830 et
1217 2747 1576 2835 Vestales
1618 2811 1646 2853 ‚
1708 2747 2354 2860 nobilissimique
2414 2740 2892 2840 adsidehant
2956 2747 3150 2831 viri.
3214 2749 3507 2830 Statim
3596 2783 3847 2869 supra

953 2954 962 2959 ,
1070 2861 1446 2949 hos·alia
1539 2862 1918 2949 subsellia
2011 2883 2373 2975 quatuor
2418 2919 2441 2963 ,
2506 2858 2629 2940 vel
2694 2859 3063 2973 quinque
3158 2890 3306 2973 per
3370 2862 3667 2975 gradus
3722 2868 3843 2949 di-

1068 2980 1358 3065 stincta
1449 2976 2014 3092 sequebantur
2065 3036 2100 3079 ,
2169 2975 2255 3059 in
2314 2972 2622 3089 quibus
2714 2998 2945 3060 erant
3028 2997 3451 3063 senatores
3482 3042 3517 3084 ,
3586 3010 3841 3097 eaque

2370 3262 2381 3301 ὶ
3698 3272 3709 3281 ο

2064 3384 2074 3399 ἱ

1263 3487 1389 3585 (ι)
1444 3484 1976 3585 Campanorum
2075 3502 2325 3584 utpote
2373 3483 2779 3558 luxuriante
2848 3482 3033 3557 urhe
3074 3506 3225 3583 per·
3298 3484 3599 3585 longam
3650 3502 3833 3561 tem-

1066 3602 1408 3685 pestatem
1443 3640 1466 3676 ‚
1521 3584 1736 3659 luxus
1786 3586 2044 3685 iugens
2093 3608 2323 3684 usque
2410 3578 2825 3683 perduravit
2856 3606 2878 3651 .-
2937 3582 3113 3655 hinc
3188 3580 3515 3658 velorum
3550 3586 3626 3659 in
3680 3612 3835 3661 am-

1063 3683 1477 3783 phitheatro
1528 3708 1706 3757 usus
1753 3684 1869 3759 ad'
1916 3686 2106 3785 ipsos
2153 3684 2515 3757 Romanos
2566 3684 2899 3783 pervenit
2941 3738 2965 3773 ,
3020 3694 3107 3755 ut
3182 3708 3313 3757 nos
3396 3681 3609 3759 docet
3680 3684 3830 3759 Va-

1065 3782 1288 3857 lerius
1336 3786 1705 3859 Maximus
1786 3783 1918 3860 lib.
1973 3784 2078 3857 11.
2131 3807 2194 3856 c.
2251 3783 2323 3856 6.
2388 3782 2579 3855 Hinc
2630 3783 2708 3854 in
2758 3806 2996 3855 summ
3044 3780 3067 3851 i
3124 3780 3630 3881 amphitheatri
3695 3786 3845 3858 cir--

1068 3882 1534 3959 cumrerentia
1589 3882 1849 3981 partim
1896 3882 2250 3957 foramina
2304 3894 2508 3955 erant
2548 3934 2573 3973 ‚
2626 3880 2895 3981 quibus
2985 3878 3151 3953 mali
3232 3880 3325 3955 ad
3406 3882 3829 3959 sustinenda

1013 3986 1020 3991 '
1065 3982 1224 4055 vela
1276 3983 1880 4074 immittebantur,
1913 3986 1972 4055 si
2024 3982 2190 4057 solis
2241 4001 2476 4054 aestus
2528 3997 2841 4080 urgeret,
2898 3979 3016 4052 vel
3103 3978 3358 4078 pluvia
3428 3981 3501 4073 in
3590 4002 3825 4057 neret.v

935 4112 940 4123 ·
1063 4080 1174 4153 Ea
1225 4080 1388 4156 vela
1441 4082 1564 4158 vel·
1607 4083 1868 4169 serica,
1925 4080 2043 4157 vel
2093 4102 2459 4183 purpurea
2508 4092 2731 4153 erant.
2822 4078 2935 4151 De
2992 4076 3192 4155 hisce
3242 4080 3415 4155 velis
3466 4102 3505 4155 a
3614 4080 3815 4155 thea-

1069 4194 1260 4252 trum
1310 4182 1786 4277 praesertim,
1830 4180 1952 4257 vel
2013 4176 2619 4282 amphitheatrum
2670 4174 3155 4281 opacandum
3209 4175 3469 4253 cecinit
3540 4180 3817 4257 Lucre-

1064 4274 1220 4349 tius
1271 4278 1402 4353 lib.
1453 4280 1562 4354 VI
1607 4306 1690 4359 v.
1743 4282 1912 4355 108.
3720 4374 3725 4377 ,

1087 4384 1094 4391 “
1151 4462 1166 4481 .
1269 4378 1388 4477 (ο.)
1437 4378 1628 4453 Hinc
1678 4377 2019 4482 temporis
2067 4402 2449 4481 progressu
2491 4376 2593 4453 ad'
2637 4404 2793 4455 eam
2844 4375 3441 4479 magnificentiam
3491 4393 3597 4453 est
3628 4402 3805 4475 per-

1065 4488 1366 4565 *rentum
1397 4532 1418 4565 ,
1471 4492 1559 4551 ut
1611 4477 1948 4581 Caligula
1998 4476 2507 4580 chrysocollam
2562 4490 2635 4552 et
2719 4480 3035 4553 minium
3097 4478 3183 4550 in
3262 4474 3801 4578 amphitheatra

1067 4574 1306 4745 ῗΡίῑᾙῑ
1359 4579 1625 4690 ὓΰῑῑξῑῑῑ
1653 4580 2052 4761 ,ῩςὲΝοιο
2099 4577 2559 4661 cinnabarim
2600 4578 2977 4686 adiecerit?
2988 4590 3077 4656 ut
3120 4578 3371 4657 scribit
3398 4570 3805 4673 Tranquil-e-

1105 4698 1184 4751 us
1235 4700 1316 4749 m
1371 4700 1631 4769 eorum
1675 4758 1684 4763 ,
1745 4702 1770 4755 t
1837 4732 1877 4776 ·.·:
