4487 5685
714 2153 770 2174 ⁴,
789 2087 994 2158 caieta.

1124 369 1230 448 52

1119 498 1460 568 vocatur
1529 481 1894 568 Tra‘ietto
1959 477 2072 560 sic
2135 473 2403 564 dictus
2462 501 2509 561 a
2568 474 3047 568 traiieiendo
3104 510 3205 570 ex
3258 471 3419 570 uua
3484 487 3587 572 ad
3650 481 3843 578 dta-

1119 625 1294 680 ram
1357 598 1912 712 Lirisripam.
1977 593 2204 678 Urbs
2268 619 2539 680 eversa
2602 577 3045 684 fust’sexto
3106 603 3515 690 Ecclesiae
3562 633 3849 692 saecu-

1117 713 1258 820 lo,
1317 741 1573 828 eaque
1633 713 1951 797 extabat
2010 709 2283 792 adhue
2346 713 2736 830 Procopii
2794 743 3027 806 aevo,
3332 732 3342 740 '

1359 830 1930 944 propinquum
1993 853 2216 948 mare
2280 825 2733 916 hodiedum
2786 833 3213 946 exquisitis
3274 832 3641 922 abundat
3672 865 3861 924 om·
3952 823 3971 844 ⁴

1119 975 1223 1028 ne
1287 977 1537 1055 genus
1601 943 2020 1060 piscibus3
2083 943 2285 1056 quin
2350 943 2521 1030 imo
2588 945 3160 1036 Romanorum
3222 973 3391 1036 tem
3464 979 3607 1038 ore
3668 955 3863 1040 eele-

1119 1061 1570 1145 berrimum
1634 1061 1790 1142 fuit
1851 1056 2057 1144 illud
2117 1089 2397 1168 mare,
2462 1064 2945 1174 praesertim
3008 1067 3165 1151 illis
3202 1071 3399 1181 pisci
3470 1101 3603 1169 us,
3642 1099 3855 1186 quos

1119 1183 1465 1264 locustas·
1525 1195 1816 1261 vocant
1851 1239 1884 1281 ,
1953 1205 2255 1288 eaeque
2314 1197 2546 1263 tanto
2608 1179 2833 1264 fuere
2892 1181 2973 1266 in
3041 1185 3309 1298 pretio
3340 1240 3370 1285 ,
3409 1199 3527 1266 ‘ut
3563 1186 3860 1272 Roma-

1117 1323 1418 1376 norum
1481 1291 2096 1378 luxuriosissimi
2185 1290 2409 1377 hisce.
2500 1297 2795 1408 iugiter
2880 1319 3459 1384 vescerenturz
3560 1323 3902 1430 eaeque-

1113 1407 1718 1495 Smirnensibus
1751 1472 1782 1512 ,
1855 1405 2600 1523 Alexandrinisque
2672 1441 2963 1528 sapore
3028 1413 3567 1530 praestabant.
3632 1417 3858 1502 Mar·

1109 1525 1318 1610 tialis
1377 1527 1514 1610 lib.
1583 1525 1822 1612 xm.
1888 1528 2051 1640 Ep.
2115 1523 2226 1608 86
2292 1529 2623 1641 squillas
2670 1530 2933 1643 'pisces
2962 1551 3560 1617 commemorat
3598 1529 3685 1616 in
3720 1533 3856 1618 Li·

1110 1643 1180 1726 ri
1243 1673 1487 1726 amne
1543 1639 2078 1728 abundantes.
2145 1641 2425 1726 Vicini
2490 1667 2813 1732 montes
2851 1709 2880 1749 ,
2940 1649 3345 1762 collesque
3408 1649 3619 1736 vinis
3682 1679 3859 1764 pre·

1113 1761 1338 1845 tiosis
1402 1779 1765 1865 scatent;
1863 1757 2084 1871 iique
2143 1759 2391 1842 eolles
2486 1762 2675 1846 satis
2772 1762 2877 1846 ab
2965 1763 3323 1880 antiquis
3429 1791 3855 1876 commen·

1111 1873 1278 1960 dati
1337 1877 1622 1996 fuere3
1718 1877 2000 1962 mitto·
2045 1877 2539 1984 Massicum,
2636 1880 3071 1964 Falernum
3107 1943 3135 1982 ,
3234 1881 3779 1995 Gaurumque
3816 1943 3853 1986 ,

1099 2015 1454 2106 quorum
1519 1991 2003 2077 adhucdum
2067 2011 2348 2074 manet
2406 1995 2885 2100 memoria.-

1331 2111 1608 2194 Caieta
1667 2107 1864 2194 urbs
1921 2135 1964 2188 a
2037 2107 2389 2191 Formiis
2442 2129 2801 2222 quatuor
2870 2110 3147 2195 aberat
3235 2110 3615 2217 milliaria
3714 2143 3857 2196 su-

1091 2257 1240 2340 per
1299 2229 1524 2311 viam
1607 2225 1954 2341 Appiam
1993 2284 2024 2327 ,
2073 2233 2150 2304 ‚a
2221 2227 2575 2338 Neapoli
2646 2227 3241 2342 quinquaginta
3322 2227 3493 2312 duo
3534 2255 3643 2336 ,a
3698 2227 3863 2312 Ca-

1091 2375 1255 2457 pua
1335 2346 1665 2454 triginta
1728 2362 1914 2425 tres.
1991 2349 2064 2421 A
2127 2339 2533 2454 Strabone
2571 2341 2707 2425 lib.
2786 2343 2888 2422 V.
2952 2343 3349 2428 asseritur
3386 2407 3415 2446 ‚
3486 2345 3859 2429 Formia-
3898 2373 3969 2468 ι

1089 2489 1278 2542 rum
1354 2461 1841 2544 fundatores
1939 2451 2595 2538 Lacedaemonas
2703 2457 2980 2539 fuisse.
3030 2457 3457 2543 Diodorus
3532 2461 3863 2544 Siculus

1091 2573 1288 2662 alios
1367 2571 1640 2656 tradit·
1717 2565 2120 2680 Virgilius
2183 2563 2375 2650 AEn·
2424 2565 2571 2653 111.
2656 2599 2733 2651 v·
2842 2597 2873 2656 1
2952 2571 3311 2660 AEueam
3372 2573 3655 2662 amissa
3693 2600 3859 2658 nu'·

1093 2692 1296 2777 trice
1347 2689 1519 2773 hoe
1591 2715 1837 2802 super
1905 2683 2148 2766 litore
2209 2679 2437 2764 illam
2516 2680 3021 2786 tumulasse,
3100 2715 3205 2770 ex
3304 2691 3640 2806 eiusque
3700 2715 3855 2776 no-

1087 2809 1312 2896 mine
1389 2805 1760 2893 Caietam
1833 2811 2421 2907 nuncupatam,
2483 2794 2962 2879 fabulatur.-

1271 2912 1280 2921 ’
1329 2934 1448 3006 Tu
1511 2948 1824 3036 quoque
1885 2912 2257 2995 litoribus
2322 2910 2913 2997 nostris-Aineia
2976 2946 3029 2999 n
3046 2928 3272 3005 unia:
3311 2980 3347 3023 ,

1328 3046 1750 3127 AEternam
1793 3037 2138 3112 moriens
2165 3030 2497 3131 famam
2554 3028 2845 3115 Caieta
2916 3030 3235 3121 dedisti.

1091 3162 1333 3245 Hauc
1395 3182 1596 3247 vero
1650 3145 1944 3235 urbem
2009 3165 2198 3227 ante
2241 3145 2620 3231 Formias
2660 3143 3187 3233 aedificatam
3226 3148 3597 3265 produnt
3636 3179 3853 3241 non*

1091 3278 1362 3385 nulli,
1441 3296 1786 3383 eamque
1865 3287 2453 3374 saepenumero
2538 3291 2731 3349 cum
2814 3262 3177 3349 Formiis
3246 3268 3441 3379 ipsis
3488 3272 3851 3357 confun-

1092 3394 1354 3477 dunt:
1438 3408 1521 3469 et
1583 3406 1861 3471 revera
1927 3376 2252 3461 Tullius
2320 3377 2436 3465 ad
2504 3378 2755 3465 Attic-
2812 3378 3055 3493 epist.
3118 3412 3167 3466 2
3240 3404 3321 3464 et
3358 3388 3409 3467 3
3472 3385 3845 3499 aliquan-

1091 3510 1203 3591 do
1241 3504 1780 3591 Formianum
1846 3523 2004 3613 pro
2059 3494 2456 3581 Caietano
2490 3496 2967 3613 usurpavit,
3032 3500 3175 3611 qui
3208 3496 3521 3584 ibidem
3558 3502 3835 3585 villam

1089 3622 1408 3707 habuit·
1481 3622 1754 3705 Aliam
1831 3608 2666 3723 villam-aedificasse
2730 3612 3171 3701 Tiberium
3238 3620 3890 3731 Imperatorem·

1089 3768 1183 3825 ex
1252 3756 1480 3855 parte
1513 3800 1543 3841 ,
1611 3735 1756 3821 ubi
1818 3730 2124 3819 dicitur
2189 3730 2679 3847 Sperlonga
2760 3762 2861 3814 ex
2936 3728 3379 3817 ruderibus
3448 3762 3667 3846 quae
3720 3765 3843 3821 re-
3910 3748 3921 3755 '

1090 3876 1368 3959 stant,
1434 3851 1751 3968 liquet:
1823 3849 2230 3960 aliamque
2297 3850 2685 3959 Eaustina
2740 3846 2859 3931 M·
2931 3848 3271 3935 Aurelii
3302 3848 3841 3963 Imperatoris

1085 4001 1294 4059 uxor
1351 3970 1728 4075 excitavit
1760 4030 1784 4075 ,
1828 3981 2126 4079 eaque
2145 3962 2255 4045 ab
2299 3964 2503 4051 urbe
2553 3992 2863 4077 parum
2932 3959 3311 4048 distabat.
3384 3963 3657 4057 Aliam
3728 3964 3841 4054 ab

1087 4089 1514 4173 Antonino
1525 4088 1725 4303 3710.
1766 4082 2653 4200 Imperatore.ereetam
2684 4109 2789 4167 ex
2822 4073 3093 4195 lapide
3128 4076 3471 4165 ibidem·
3498 4102 3831 4201 reperto
3912 4180 3935 4189 ,

1085 4202 1520 4300 confirmat
1587 4238 1655 4291 r·
2241 4260 2251 4276 -
2640 4240 2653 4257 ·
2806 4268 2819 4277 ·
3454 4274 3469 4289 .

1319 4322 1414 4404 Iu
1515 4317 1822 4411 inentis
1877 4316 2176 4405 vertice
2223 4308 2477 4401 turris
2558 4308 2921 4425 adsurgit
2953 4374 2977 4420 ‚
3064 4336 3277 4427 quae
3341 4310 3587 4425 ‘vulgo
3658 4310 3831 4397 01·-

1087 4435 1339 4523 landi
1387 4432 1700 4521 dicitur
1736 4500 1769 4544 ,
1843 4462 2100 4552 quam
2143 4429 2568 4519 sexdecim
2607 4456 2871 4515 annos
2940 4448 3134 4513 ante
3208 4424 3633 4513 Christum
3700 4456 3822 4513 ae·

1082 4550 1496 4639 dificat‘am
1535 4611 1568 4655 ,
1641 4570 1724 4635 et
1771 4553 1872 4637 L.
1941 4552 2305 4659 Munatii
2383 4546 2669 4633 Planci
2744 4544 3283 4660 sepulchrum
3344 4542 3597 4629 fuisse
3632 4565 3828 4627 eon-

1019 4676 1026 4681 ’
1085 4688 1244 4761 stat
1279 4732 1307 4777 ,
1341 4668 1523 4789 -qfii
1589 4666 1810 4775 heie-
1851 4665 2136 4785 ¹villam:
2195 4662 2493 4776 habuit
2573 4660 3235 4767 amoenissimam
3314 4658 3439 4753 ad.
3500 4654 3815 4752 montis
