<?xml version="1.0" encoding="UTF-8"?>
<!DOCTYPE html PUBLIC "-//W3C//DTD XHTML 1.0 Transitional//EN"
    "http://www.w3.org/TR/xhtml1/DTD/xhtml1-transitional.dtd">
<html xmlns="http://www.w3.org/1999/xhtml" xml:lang="en" lang="en">
 <head>
  <title>
</title>
<meta http-equiv="Content-Type" content="text/html;charset=utf-8" />
  <meta name='ocr-system' content='tesseract 3.04.00' />
  <meta name='ocr-capabilities' content='ocr_page ocr_carea ocr_par ocr_line ocrx_word'/>
</head>
<body>
  <div class='ocr_page' id='page_1' title='image "./universaecampan00laurgoog_0071.png"; bbox 0 0 4487 5685; ppageno 0'>
   <div class='ocr_carea' id='block_1_1' title="bbox 471 561 3405 4654">
    <p class='ocr_par' dir='ltr' id='par_1_1' title="bbox 512 561 3295 786">
     <span class='ocr_line' id='line_1_1' title="bbox 512 561 3295 696; baseline -0.008 -28"><span class='ocrx_word' id='word_1_1' title='bbox 512 568 740 668; x_wconf 77' lang='lat' dir='ltr'>missi</span> <span class='ocrx_word' id='word_1_2' title='bbox 807 573 922 668; x_wconf 74' lang='lat' dir='ltr'>nb‘</span> <span class='ocrx_word' id='word_1_3' title='bbox 979 565 1521 668; x_wconf 71' lang='lat' dir='ltr'>Christianae.</span> <span class='ocrx_word' id='word_1_4' title='bbox 1561 569 2008 692; x_wconf 76' lang='lat' dir='ltr'>Religionis</span> <span class='ocrx_word' id='word_1_5' title='bbox 2039 569 2333 660; x_wconf 87' lang='lat' dir='ltr'>odium</span> <span class='ocrx_word' id='word_1_6' title='bbox 2393 561 2881 660; x_wconf 69' lang='lat' dir='ltr'>:nb-&#39;etliniois</span> <span class='ocrx_word' id='word_1_7' title='bbox 2908 563 3295 696; x_wconf 37' lang='lat' dir='ltr'>Impera:</span> 
     </span>
     <span class='ocr_line' id='line_1_2' title="bbox 527 697 1984 786; baseline 0 -6"><span class='ocrx_word' id='word_1_8' title='bbox 527 699 884 786; x_wconf 86' lang='lat' dir='ltr'>toribus.</span> <span class='ocrx_word' id='word_1_9' title='bbox 1517 697 1532 780; x_wconf 77' lang='grc'>’.</span> <span class='ocrx_word' id='word_1_10' title='bbox 1975 761 1984 771; x_wconf 84' lang='grc'><strong>.</strong></span> 
     </span>
    </p>

    <p class='ocr_par' dir='ltr' id='par_1_2' title="bbox 509 800 3405 1154">
     <span class='ocr_line' id='line_1_3' title="bbox 749 800 3405 921; baseline -0.008 -21"><span class='ocrx_word' id='word_1_11' title='bbox 749 811 1242 902; x_wconf 56' lang='lat' dir='ltr'>Vulcatium</span> <span class='ocrx_word' id='word_1_12' title='bbox 1305 809 1682 896; x_wconf 82' lang='lat' dir='ltr'>materias</span> <span class='ocrx_word' id='word_1_13' title='bbox 1741 807 2130 894; x_wconf 74' lang='lat' dir='ltr'>effudisse</span> <span class='ocrx_word' id='word_1_14' title='bbox 2189 801 2613 921; x_wconf 83' lang='lat' dir='ltr'>quondam</span> <span class='ocrx_word' id='word_1_15' title='bbox 2670 804 2931 917; x_wconf 82' lang='lat' dir='ltr'>ipsam</span> <span class='ocrx_word' id='word_1_16' title='bbox 3032 800 3255 882; x_wconf 86' lang='lat' dir='ltr'>insu·</span> <span class='ocrx_word' id='word_1_17' title='bbox 3396 881 3405 894; x_wconf 68' lang='grc'><em>,</em></span> 
     </span>
     <span class='ocr_line' id='line_1_4' title="bbox 509 915 3257 1028; baseline -0.006 -14"><span class='ocrx_word' id='word_1_18' title='bbox 509 931 680 1014; x_wconf 83' lang='lat' dir='ltr'>lam</span> <span class='ocrx_word' id='word_1_19' title='bbox 727 931 1124 1018; x_wconf 75' lang='lat' dir='ltr'>creditur.</span> <span class='ocrx_word' id='word_1_20' title='bbox 1192 933 1496 1028; x_wconf 80' lang='lat' dir='ltr'>Parum</span> <span class='ocrx_word' id='word_1_21' title='bbox 1551 925 1884 1013; x_wconf 74' lang='lat' dir='ltr'>tandem</span> <span class='ocrx_word' id='word_1_22' title='bbox 1933 925 2242 1010; x_wconf 74' lang='lat' dir='ltr'>abhinc</span> <span class='ocrx_word' id='word_1_23' title='bbox 2300 924 2531 1004; x_wconf 86' lang='lat' dir='ltr'>annis</span> <span class='ocrx_word' id='word_1_24' title='bbox 2570 917 2831 1006; x_wconf 87' lang='lat' dir='ltr'>insula</span> <span class='ocrx_word' id='word_1_25' title='bbox 2895 917 3053 1002; x_wconf 76' lang='lat' dir='ltr'>fuit</span> <span class='ocrx_word' id='word_1_26' title='bbox 3112 915 3257 998; x_wconf 87' lang='lat' dir='ltr'>ha·</span> 
     </span>
     <span class='ocr_line' id='line_1_5' title="bbox 511 1037 3253 1154; baseline -0.004 -26"><span class='ocrx_word' id='word_1_27' title='bbox 511 1046 766 1147; x_wconf 79' lang='lat' dir='ltr'>bitata</span> <span class='ocrx_word' id='word_1_28' title='bbox 805 1102 834 1151; x_wconf 82' lang='lat'>,</span> <span class='ocrx_word' id='word_1_29' title='bbox 894 1066 1376 1134; x_wconf 79' lang='lat' dir='ltr'>cum-,antea</span> <span class='ocrx_word' id='word_1_30' title='bbox 1435 1043 2447 1154; x_wconf 69' lang='lat' dir='ltr'>deserta-ezatz.patv11m</span> <span class='ocrx_word' id='word_1_31' title='bbox 2512 1037 2757 1122; x_wconf 88' lang='lat' dir='ltr'>habet</span> <span class='ocrx_word' id='word_1_32' title='bbox 2846 1055 3177 1151; x_wconf 83' lang='lat' dir='ltr'>portum</span> <span class='ocrx_word' id='word_1_33' title='bbox 3218 1091 3253 1136; x_wconf 86' lang='lat'><em>,</em></span> 
     </span>
    </p>

    <p class='ocr_par' dir='ltr' id='par_1_3' title="bbox 509 1155 2493 1272">
     <span class='ocr_line' id='line_1_6' title="bbox 509 1155 2493 1272; baseline -0.004 -28"><span class='ocrx_word' id='word_1_34' title='bbox 509 1183 598 1244; x_wconf 79' lang='lat' dir='ltr'>et</span> <span class='ocrx_word' id='word_1_35' title='bbox 667 1161 976 1244; x_wconf 80' lang='lat' dir='ltr'><strong>incolae</strong></span> <span class='ocrx_word' id='word_1_36' title='bbox 1039 1163 1346 1272; x_wconf 63' lang='lat' dir='ltr'>piscatu</span> <span class='ocrx_word' id='word_1_37' title='bbox 1393 1207 1427 1258; x_wconf 61' lang='grc' dir='ltr'>ς»</span> <span class='ocrx_word' id='word_1_38' title='bbox 1483 1177 1560 1240; x_wconf 88' lang='lat' dir='ltr'>et</span> <span class='ocrx_word' id='word_1_39' title='bbox 1625 1155 2118 1267; x_wconf 83' lang='lat' dir='ltr'>agricultura.</span> <span class='ocrx_word' id='word_1_40' title='bbox 2179 1155 2493 1237; x_wconf 83' lang='lat' dir='ltr'>vivunt.</span> 
     </span>
    </p>

    <p class='ocr_par' dir='ltr' id='par_1_4' title="bbox 507 1263 3319 3362">
     <span class='ocr_line' id='line_1_7' title="bbox 665 1263 3269 1381; baseline -0.005 -21"><span class='ocrx_word' id='word_1_41' title='bbox 665 1308 670 1314; x_wconf 91' lang='lat'>·</span> <span class='ocrx_word' id='word_1_42' title='bbox 750 1279 844 1360; x_wconf 88' lang='lat' dir='ltr'>In</span> <span class='ocrx_word' id='word_1_43' title='bbox 908 1275 1200 1360; x_wconf 81' lang='lat' dir='ltr'>eodem</span> <span class='ocrx_word' id='word_1_44' title='bbox 1261 1275 1442 1356; x_wconf 88' lang='lat' dir='ltr'>sinu</span> <span class='ocrx_word' id='word_1_45' title='bbox 1504 1271 1822 1360; x_wconf 79' lang='lat' dir='ltr'>obiacet</span> <span class='ocrx_word' id='word_1_46' title='bbox 1877 1267 2134 1356; x_wconf 82' lang='lat' dir='ltr'>insula</span> <span class='ocrx_word' id='word_1_47' title='bbox 2199 1270 2485 1356; x_wconf 86' lang='lat' dir='ltr'>Pontia</span> <span class='ocrx_word' id='word_1_48' title='bbox 2529 1329 2563 1373; x_wconf 85' lang='lat'><em>,</em></span> <span class='ocrx_word' id='word_1_49' title='bbox 2648 1297 2901 1381; x_wconf 85' lang='lat' dir='ltr'>quam</span> <span class='ocrx_word' id='word_1_50' title='bbox 2990 1263 3269 1350; x_wconf 76' lang='lat' dir='ltr'>Poma</span> 
     </span>
     <span class='ocr_line' id='line_1_8' title="bbox 509 1377 3265 1502; baseline -0.005 -26"><span class='ocrx_word' id='word_1_51' title='bbox 509 1393 896 1488; x_wconf 80' lang='lat' dir='ltr'>dicimus.</span> <span class='ocrx_word' id='word_1_52' title='bbox 956 1390 1322 1483; x_wconf 49' lang='lat' dir='ltr'>{laeena</span> <span class='ocrx_word' id='word_1_53' title='bbox 1387 1386 1690 1476; x_wconf 75' lang='lat' dir='ltr'>finibus</span> <span class='ocrx_word' id='word_1_54' title='bbox 1753 1411 1894 1474; x_wconf 82' lang='lat' dir='ltr'>est.</span> <span class='ocrx_word' id='word_1_55' title='bbox 1933 1384 2453 1502; x_wconf 76' lang='lat' dir='ltr'>Neapolitani</span> <span class='ocrx_word' id='word_1_56' title='bbox 2513 1385 2941 1498; x_wconf 77' lang='lat' dir='ltr'>regninon</span> <span class='ocrx_word' id='word_1_57' title='bbox 2972 1377 3265 1500; x_wconf 85' lang='lat' dir='ltr'>procul</span> 
     </span>
     <span class='ocr_line' id='line_1_9' title="bbox 507 1499 3319 1620; baseline -0.005 -26"><span class='ocrx_word' id='word_1_58' title='bbox 507 1539 562 1594; x_wconf 79' lang='lat' dir='ltr'>a</span> <span class='ocrx_word' id='word_1_59' title='bbox 625 1507 942 1593; x_wconf 81' lang='lat' dir='ltr'>Circeio</span> <span class='ocrx_word' id='word_1_60' title='bbox 1009 1507 1582 1620; x_wconf 76' lang='lat' dir='ltr'>promontorio</span> <span class='ocrx_word' id='word_1_61' title='bbox 1625 1505 2128 1620; x_wconf 51' lang='lat' dir='ltr'>,uhabetque</span> <span class='ocrx_word' id='word_1_62' title='bbox 2187 1499 2665 1619; x_wconf 83' lang='lat' dir='ltr'>quindecim</span> <span class='ocrx_word' id='word_1_63' title='bbox 2725 1501 2979 1593; x_wconf 85' lang='lat' dir='ltr'>millia</span> <span class='ocrx_word' id='word_1_64' title='bbox 3079 1531 3259 1613; x_wconf 84' lang='lat' dir='ltr'>pas-</span> <span class='ocrx_word' id='word_1_65' title='bbox 3313 1557 3319 1564; x_wconf 91' lang='lat'>-</span> 
     </span>
     <span class='ocr_line' id='line_1_10' title="bbox 513 1611 3263 1740; baseline -0.004 -29"><span class='ocrx_word' id='word_1_66' title='bbox 513 1653 766 1710; x_wconf 79' lang='lat' dir='ltr'>auum</span> <span class='ocrx_word' id='word_1_67' title='bbox 802 1627 916 1726; x_wconf 76' lang='lat' dir='ltr'>‘in</span> <span class='ocrx_word' id='word_1_68' title='bbox 959 1624 1324 1712; x_wconf 81' lang='lat' dir='ltr'>&#39;circuitu</span> <span class='ocrx_word' id='word_1_69' title='bbox 1361 1686 1392 1726; x_wconf 84' lang='lat'>‚</span> <span class='ocrx_word' id='word_1_70' title='bbox 1462 1641 1748 1740; x_wconf 86' lang='lat' dir='ltr'>estque</span> <span class='ocrx_word' id='word_1_71' title='bbox 1809 1623 2327 1733; x_wconf 74' lang='lat' dir='ltr'>feracissima.</span> <span class='ocrx_word' id='word_1_72' title='bbox 2393 1618 2489 1704; x_wconf 91' lang='lat' dir='ltr'>In</span> <span class='ocrx_word' id='word_1_73' title='bbox 2576 1619 2927 1734; x_wconf 67' lang='lat' dir='ltr'>eandem</span> <span class='ocrx_word' id='word_1_74' title='bbox 3016 1611 3263 1700; x_wconf 84' lang='lat' dir='ltr'>Colo·</span> 
     </span>
     <span class='ocr_line' id='line_1_11' title="bbox 515 1733 3267 1828; baseline -0.002 -4"><span class='ocrx_word' id='word_1_75' title='bbox 515 1743 732 1828; x_wconf 83' lang='lat' dir='ltr'>niam</span> <span class='ocrx_word' id='word_1_76' title='bbox 802 1738 1256 1826; x_wconf 78' lang='lat' dir='ltr'>deductam·</span> <span class='ocrx_word' id='word_1_77' title='bbox 1309 1767 1406 1827; x_wconf 84' lang='lat' dir='ltr'>ex</span> <span class='ocrx_word' id='word_1_78' title='bbox 1469 1739 1860 1827; x_wconf 64' lang='lat' dir='ltr'>Patauino</span> <span class='ocrx_word' id='word_1_79' title='bbox 1920 1737 2311 1828; x_wconf 81' lang='lat' dir='ltr'>historico</span> <span class='ocrx_word' id='word_1_80' title='bbox 2365 1737 2827 1825; x_wconf 79' lang='lat' dir='ltr'><strong>ediscimus,</strong></span> <span class='ocrx_word' id='word_1_81' title='bbox 2892 1734 3043 1820; x_wconf 83' lang='lat' dir='ltr'>lib.</span> <span class='ocrx_word' id='word_1_82' title='bbox 3113 1733 3267 1818; x_wconf 87' lang='lat' dir='ltr'>IX.</span> 
     </span>
     <span class='ocr_line' id='line_1_12' title="bbox 509 1849 3269 1971; baseline -0.001 -33"><span class='ocrx_word' id='word_1_83' title='bbox 509 1887 586 1938; x_wconf 78' lang='lat' dir='ltr'>c.</span> <span class='ocrx_word' id='word_1_84' title='bbox 655 1889 794 1970; x_wconf 84' lang='lat'>29.</span> <span class='ocrx_word' id='word_1_85' title='bbox 863 1857 1234 1971; x_wconf 81' lang='lat' dir='ltr'>Sequiori</span> <span class='ocrx_word' id='word_1_86' title='bbox 1305 1883 1504 1942; x_wconf 86' lang='lat' dir='ltr'>aevo</span> <span class='ocrx_word' id='word_1_87' title='bbox 1563 1855 2019 1948; x_wconf 77' lang='lat' dir='ltr'>celebratur</span> <span class='ocrx_word' id='word_1_88' title='bbox 2079 1853 2188 1944; x_wconf 84' lang='lat' dir='ltr'>ob</span> <span class='ocrx_word' id='word_1_89' title='bbox 2251 1855 2513 1939; x_wconf 84' lang='lat' dir='ltr'>varios</span> <span class='ocrx_word' id='word_1_90' title='bbox 2537 1876 2717 1938; x_wconf 88' lang='lat' dir='ltr'>tum</span> <span class='ocrx_word' id='word_1_91' title='bbox 2753 1849 3067 1940; x_wconf 83' lang='lat' dir='ltr'>nobiles</span> <span class='ocrx_word' id='word_1_92' title='bbox 3100 1853 3269 1936; x_wconf 82' lang='lat' dir='ltr'>Ro-</span> 
     </span>
     <span class='ocr_line' id='line_1_13' title="bbox 517 1967 3271 2084; baseline -0.001 -28"><span class='ocrx_word' id='word_1_93' title='bbox 517 2001 872 2076; x_wconf 85' lang='lat' dir='ltr'>manos,</span> <span class='ocrx_word' id='word_1_94' title='bbox 949 1993 1126 2058; x_wconf 82' lang='lat' dir='ltr'>tum</span> <span class='ocrx_word' id='word_1_95' title='bbox 1193 1973 1704 2060; x_wconf 83' lang='lat' dir='ltr'>Christianos</span> <span class='ocrx_word' id='word_1_96' title='bbox 1765 1973 1880 2060; x_wconf 88' lang='lat' dir='ltr'>ibi</span> <span class='ocrx_word' id='word_1_97' title='bbox 1932 1972 2341 2084; x_wconf 66' lang='lat' dir='ltr'>relegatos</span> <span class='ocrx_word' id='word_1_98' title='bbox 2400 1971 2505 2056; x_wconf 86' lang='lat' dir='ltr'>ab</span> <span class='ocrx_word' id='word_1_99' title='bbox 2601 1967 3271 2082; x_wconf 73' lang='lat' dir='ltr'>imperatoribus.</span> 
     </span>
     <span class='ocr_line' id='line_1_14' title="bbox 511 2085 3273 2182; baseline -0.001 -10"><span class='ocrx_word' id='word_1_100' title='bbox 511 2085 738 2174; x_wconf 80' lang='lat' dir='ltr'>Inter</span> <span class='ocrx_word' id='word_1_101' title='bbox 795 2111 1104 2174; x_wconf 84' lang='lat' dir='ltr'>ceteros</span> <span class='ocrx_word' id='word_1_102' title='bbox 1163 2121 1206 2174; x_wconf 91' lang='lat' dir='ltr'>a</span> <span class='ocrx_word' id='word_1_103' title='bbox 1269 2092 1602 2174; x_wconf 85' lang='lat' dir='ltr'>Nerone</span> <span class='ocrx_word' id='word_1_104' title='bbox 1665 2088 1902 2181; x_wconf 69' lang='lat' dir='ltr'>exilio</span> <span class='ocrx_word' id='word_1_105' title='bbox 1989 2089 2150 2182; x_wconf 76' lang='lat' dir='ltr'>fuit</span> <span class='ocrx_word' id='word_1_106' title='bbox 2241 2087 2637 2173; x_wconf 86' lang='lat' dir='ltr'>multatus</span> <span class='ocrx_word' id='word_1_107' title='bbox 2730 2085 3273 2171; x_wconf 81' lang='lat' dir='ltr'>Germanicus</span> 
     </span>
     <span class='ocr_line' id='line_1_15' title="bbox 509 2198 3275 2321; baseline -0.001 -33"><span class='ocrx_word' id='word_1_108' title='bbox 509 2233 762 2321; x_wconf 80' lang='lat' dir='ltr'>nepos</span> <span class='ocrx_word' id='word_1_109' title='bbox 807 2269 832 2309; x_wconf 85' lang='lat'><strong>‚</strong></span> <span class='ocrx_word' id='word_1_110' title='bbox 891 2211 1036 2319; x_wconf 87' lang='lat' dir='ltr'>qui</span> <span class='ocrx_word' id='word_1_111' title='bbox 1104 2198 1420 2294; x_wconf 80' lang='lat' dir='ltr'>ibidem&#39;</span> <span class='ocrx_word' id='word_1_112' title='bbox 1472 2207 2014 2308; x_wconf 79' lang='lat' dir='ltr'>voluntariam</span> <span class='ocrx_word' id='word_1_113' title='bbox 2071 2204 2423 2321; x_wconf 86' lang='lat' dir='ltr'>oppetiit</span> <span class='ocrx_word' id='word_1_114' title='bbox 2484 2224 2866 2298; x_wconf 71' lang='lat' dir='ltr'>montem.</span> <span class='ocrx_word' id='word_1_115' title='bbox 2933 2199 3026 2286; x_wconf 87' lang='lat' dir='ltr'>Iu</span> <span class='ocrx_word' id='word_1_116' title='bbox 3088 2229 3275 2288; x_wconf 83' lang='lat' dir='ltr'>ean·-</span> 
     </span>
     <span class='ocr_line' id='line_1_16' title="bbox 515 2319 3279 2436; baseline 0 -32"><span class='ocrx_word' id='word_1_117' title='bbox 515 2319 710 2405; x_wconf 88' lang='lat' dir='ltr'>dem</span> <span class='ocrx_word' id='word_1_118' title='bbox 769 2321 932 2408; x_wconf 83' lang='lat' dir='ltr'>fuit</span> <span class='ocrx_word' id='word_1_119' title='bbox 994 2322 1280 2436; x_wconf 86' lang='lat' dir='ltr'>pulsus</span> <span class='ocrx_word' id='word_1_120' title='bbox 1339 2321 1762 2417; x_wconf 80' lang='lat' dir='ltr'>Silverius,</span> <span class='ocrx_word' id='word_1_121' title='bbox 1813 2322 2194 2420; x_wconf 67' lang='lat' dir='ltr'>Pontifex</span> <span class='ocrx_word' id='word_1_122' title='bbox 2280 2323 2763 2410; x_wconf 84' lang='lat' dir='ltr'>Theodorae</span> <span class='ocrx_word' id='word_1_123' title='bbox 2855 2327 3279 2432; x_wconf 78' lang='lat' dir='ltr'>Augustae</span> 
     </span>
     <span class='ocr_line' id='line_1_17' title="bbox 517 2434 3277 2550; baseline -0 -31"><span class='ocrx_word' id='word_1_124' title='bbox 517 2439 740 2519; x_wconf 87' lang='lat' dir='ltr'>iussu</span> <span class='ocrx_word' id='word_1_125' title='bbox 775 2497 808 2540; x_wconf 90' lang='lat'><strong><em>,</em></strong></span> <span class='ocrx_word' id='word_1_126' title='bbox 879 2435 1170 2550; x_wconf 63' lang='lat' dir='ltr'>ibique·</span> <span class='ocrx_word' id='word_1_127' title='bbox 1221 2437 1453 2524; x_wconf 82' lang='lat' dir='ltr'>obiit.</span> <span class='ocrx_word' id='word_1_128' title='bbox 1513 2435 1830 2523; x_wconf 84' lang='lat' dir='ltr'>Ibidem</span> <span class='ocrx_word' id='word_1_129' title='bbox 1891 2438 2209 2523; x_wconf 83' lang='lat' dir='ltr'>Nereus</span> <span class='ocrx_word' id='word_1_130' title='bbox 2251 2497 2275 2535; x_wconf 87' lang='lat'>‚</span> <span class='ocrx_word' id='word_1_131' title='bbox 2378 2457 2457 2526; x_wconf 77' lang='lat' dir='ltr'>et</span> <span class='ocrx_word' id='word_1_132' title='bbox 2554 2434 3011 2548; x_wconf 79' lang='lat' dir='ltr'>Achylleus·</span> <span class='ocrx_word' id='word_1_133' title='bbox 3078 2457 3277 2518; x_wconf 85' lang='lat' dir='ltr'>cum</span> 
     </span>
     <span class='ocr_line' id='line_1_18' title="bbox 521 2547 3277 2664; baseline -0.002 -30"><span class='ocrx_word' id='word_1_134' title='bbox 521 2552 795 2638; x_wconf 86' lang='lat' dir='ltr'>Flavia</span> <span class='ocrx_word' id='word_1_135' title='bbox 865 2549 1292 2645; x_wconf 83' lang='lat' dir='ltr'>Domitilla</span> <span class='ocrx_word' id='word_1_136' title='bbox 1335 2611 1358 2656; x_wconf 91' lang='lat'>,</span> <span class='ocrx_word' id='word_1_137' title='bbox 1419 2551 1654 2647; x_wconf 74' lang='lat' dir='ltr'>cuius</span> <span class='ocrx_word' id='word_1_138' title='bbox 1713 2569 1946 2638; x_wconf 81' lang='lat' dir='ltr'>erant</span> <span class='ocrx_word' id='word_1_139' title='bbox 2009 2547 2361 2630; x_wconf 85' lang='lat' dir='ltr'>eunuchi</span> <span class='ocrx_word' id='word_1_140' title='bbox 2401 2609 2433 2648; x_wconf 79' lang='lat'><em>‚</em></span> <span class='ocrx_word' id='word_1_141' title='bbox 2494 2548 2635 2634; x_wconf 88' lang='lat' dir='ltr'>ubi</span> <span class='ocrx_word' id='word_1_142' title='bbox 2694 2551 3033 2655; x_wconf 85' lang='lat' dir='ltr'>longum</span> <span class='ocrx_word' id='word_1_143' title='bbox 3122 2577 3277 2664; x_wconf 87' lang='lat' dir='ltr'>pro</span> 
     </span>
     <span class='ocr_line' id='line_1_19' title="bbox 527 2656 3277 2776; baseline -0.001 -22"><span class='ocrx_word' id='word_1_144' title='bbox 527 2665 868 2754; x_wconf 73' lang='lat' dir='ltr'>Chris-to</span> <span class='ocrx_word' id='word_1_145' title='bbox 927 2665 1257 2763; x_wconf 80' lang='lat' dir='ltr'>exilium</span> <span class='ocrx_word' id='word_1_146' title='bbox 1321 2663 1596 2776; x_wconf 83' lang='lat' dir='ltr'>passi,</span> <span class='ocrx_word' id='word_1_147' title='bbox 1661 2681 1742 2745; x_wconf 87' lang='lat' dir='ltr'>et</span> <span class='ocrx_word' id='word_1_148' title='bbox 1802 2663 2136 2764; x_wconf 75' lang='lat' dir='ltr'>tandem</span> <span class='ocrx_word' id='word_1_149' title='bbox 2195 2656 2460 2774; x_wconf 67' lang='lat' dir='ltr'>capite</span> <span class='ocrx_word' id='word_1_150' title='bbox 2510 2683 2711 2758; x_wconf 74' lang='lat' dir='ltr'>‚sunt</span> <span class='ocrx_word' id='word_1_151' title='bbox 2774 2663 3017 2774; x_wconf 81' lang='lat' dir='ltr'>plexi.</span> <span class='ocrx_word' id='word_1_152' title='bbox 3052 2665 3277 2752; x_wconf 79' lang='lat' dir='ltr'>Duas</span> 
     </span>
     <span class='ocr_line' id='line_1_20' title="bbox 515 2771 3275 2897; baseline 0.001 -30"><span class='ocrx_word' id='word_1_153' title='bbox 515 2786 851 2897; x_wconf 75' lang='lat' dir='ltr'>insuper</span> <span class='ocrx_word' id='word_1_154' title='bbox 909 2779 1174 2881; x_wconf 72' lang='lat' dir='ltr'>suisse‘</span> <span class='ocrx_word' id='word_1_155' title='bbox 1215 2777 1538 2867; x_wconf 83' lang='lat' dir='ltr'>Flavias</span> <span class='ocrx_word' id='word_1_156' title='bbox 1599 2771 2137 2880; x_wconf 79' lang='lat' dir='ltr'>Domitillas.</span> <span class='ocrx_word' id='word_1_157' title='bbox 2197 2807 2407 2893; x_wconf 69' lang='lat' dir='ltr'>quae</span> <span class='ocrx_word' id='word_1_158' title='bbox 2472 2780 2686 2865; x_wconf 83' lang='lat' dir='ltr'>exilii</span> <span class='ocrx_word' id='word_1_159' title='bbox 2750 2806 3015 2893; x_wconf 86' lang='lat' dir='ltr'>poena</span> <span class='ocrx_word' id='word_1_160' title='bbox 3050 2780 3275 2869; x_wconf 84' lang='lat' dir='ltr'>fuere</span> 
     </span>
     <span class='ocr_line' id='line_1_21' title="bbox 515 2893 3277 3009; baseline 0 -22"><span class='ocrx_word' id='word_1_161' title='bbox 515 2900 911 2993; x_wconf 76' lang='lat' dir='ltr'>multatae</span> <span class='ocrx_word' id='word_1_162' title='bbox 972 2917 1310 2986; x_wconf 79' lang='lat' dir='ltr'>narrant</span> <span class='ocrx_word' id='word_1_163' title='bbox 1377 2894 1980 3003; x_wconf 70' lang='lat' dir='ltr'>Ecclesiasticae</span> <span class='ocrx_word' id='word_1_164' title='bbox 2037 2893 2425 2981; x_wconf 75' lang='lat' dir='ltr'>historiae</span> <span class='ocrx_word' id='word_1_165' title='bbox 2484 2898 2961 3009; x_wconf 70' lang='lat' dir='ltr'>scriptores:</span> <span class='ocrx_word' id='word_1_166' title='bbox 3026 2900 3277 2988; x_wconf 77' lang='lat' dir='ltr'>altera</span> 
     </span>
     <span class='ocr_line' id='line_1_22' title="bbox 517 3010 3271 3132; baseline 0.001 -34"><span class='ocrx_word' id='word_1_167' title='bbox 517 3014 780 3105; x_wconf 79' lang='lat' dir='ltr'>Flavii</span> <span class='ocrx_word' id='word_1_168' title='bbox 839 3015 1293 3115; x_wconf 77' lang='lat' dir='ltr'>Clementis</span> <span class='ocrx_word' id='word_1_169' title='bbox 1362 3040 1632 3119; x_wconf 81' lang='lat' dir='ltr'>uxor,</span> <span class='ocrx_word' id='word_1_170' title='bbox 1720 3012 2182 3124; x_wconf 80' lang='lat' dir='ltr'>Domitiani</span> <span class='ocrx_word' id='word_1_171' title='bbox 2274 3010 2815 3131; x_wconf 79' lang='lat' dir='ltr'>Imperatoris</span> <span class='ocrx_word' id='word_1_172' title='bbox 2913 3034 3196 3132; x_wconf 81' lang='lat' dir='ltr'>neptes</span> <span class='ocrx_word' id='word_1_173' title='bbox 3238 3074 3271 3120; x_wconf 77' lang='lat'>,</span> 
     </span>
     <span class='ocr_line' id='line_1_23' title="bbox 517 3129 3278 3245; baseline 0.001 -31"><span class='ocrx_word' id='word_1_174' title='bbox 517 3206 524 3213; x_wconf 80' lang='grc'>,</span> <span class='ocrx_word' id='word_1_175' title='bbox 583 3160 770 3215; x_wconf 86' lang='lat' dir='ltr'>uam</span> <span class='ocrx_word' id='word_1_176' title='bbox 829 3134 914 3217; x_wconf 88' lang='lat' dir='ltr'>in</span> <span class='ocrx_word' id='word_1_177' title='bbox 977 3130 1552 3239; x_wconf 66' lang='lat' dir='ltr'>Pandatariam</span> <span class='ocrx_word' id='word_1_178' title='bbox 1613 3129 2016 3245; x_wconf 74' lang='lat' dir='ltr'>religionis</span> <span class='ocrx_word' id='word_1_179' title='bbox 2073 3156 2311 3215; x_wconf 84' lang='lat' dir='ltr'>causa</span> <span class='ocrx_word' id='word_1_180' title='bbox 2337 3132 2741 3243; x_wconf 78' lang='lat' dir='ltr'>relegavit-⁰</span> <span class='ocrx_word' id='word_1_181' title='bbox 2786 3129 3039 3220; x_wconf 87' lang='lat' dir='ltr'>altera</span> <span class='ocrx_word' id='word_1_182' title='bbox 3072 3132 3278 3220; x_wconf 88' lang='lat' dir='ltr'>eius·-</span> 
     </span>
     <span class='ocr_line' id='line_1_24' title="bbox 519 3162 3269 3362; baseline 0.002 -31"><span class='ocrx_word' id='word_1_183' title='bbox 519 3162 708 3339; x_wconf 63' lang='lat' dir='ltr'>dem</span> <span class='ocrx_word' id='word_1_184' title='bbox 773 3246 844 3331; x_wconf 85' lang='lat' dir='ltr'>F</span> <span class='ocrx_word' id='word_1_185' title='bbox 848 3247 1032 3337; x_wconf 70' lang='lat' dir='ltr'>{avii</span> <span class='ocrx_word' id='word_1_186' title='bbox 1095 3278 1190 3339; x_wconf 83' lang='lat' dir='ltr'>ex</span> <span class='ocrx_word' id='word_1_187' title='bbox 1246 3246 1526 3335; x_wconf 77' lang='lat' dir='ltr'>sorore</span> <span class='ocrx_word' id='word_1_188' title='bbox 1585 3266 1868 3362; x_wconf 76' lang='lat' dir='ltr'>neptes</span> <span class='ocrx_word' id='word_1_189' title='bbox 1911 3309 1944 3355; x_wconf 88' lang='lat'><em>,</em></span> <span class='ocrx_word' id='word_1_190' title='bbox 2011 3276 2222 3361; x_wconf 85' lang='lat' dir='ltr'>qnae</span> <span class='ocrx_word' id='word_1_191' title='bbox 2282 3246 2371 3329; x_wconf 89' lang='lat' dir='ltr'>in</span> <span class='ocrx_word' id='word_1_192' title='bbox 2410 3254 2789 3337; x_wconf 86' lang='lat' dir='ltr'>Pontiam</span> <span class='ocrx_word' id='word_1_193' title='bbox 2820 3248 2977 3338; x_wconf 84' lang='lat' dir='ltr'>fuit</span> <span class='ocrx_word' id='word_1_194' title='bbox 3006 3250 3269 3337; x_wconf 81' lang='lat' dir='ltr'>missa.</span> 
     </span>
    </p>

    <p class='ocr_par' dir='ltr' id='par_1_5' title="bbox 471 3360 3277 3940">
     <span class='ocr_line' id='line_1_25' title="bbox 611 3360 3276 3483; baseline 0.002 -36"><span class='ocrx_word' id='word_1_195' title='bbox 611 3466 621 3471; x_wconf 36' lang='grc'>-</span> <span class='ocrx_word' id='word_1_196' title='bbox 752 3360 998 3449; x_wconf 89' lang='lat' dir='ltr'>Plura</span> <span class='ocrx_word' id='word_1_197' title='bbox 1057 3362 1360 3449; x_wconf 84' lang='lat' dir='ltr'>adhaec</span> <span class='ocrx_word' id='word_1_198' title='bbox 1421 3364 1944 3481; x_wconf 82' lang='lat' dir='ltr'>antiquitatis,</span> <span class='ocrx_word' id='word_1_199' title='bbox 1989 3360 2287 3453; x_wconf 82' lang='lat' dir='ltr'>rudera</span> <span class='ocrx_word' id='word_1_200' title='bbox 2348 3366 2465 3455; x_wconf 89' lang='lat' dir='ltr'>ibi</span> <span class='ocrx_word' id='word_1_201' title='bbox 2516 3364 2881 3474; x_wconf 79' lang='lat' dir='ltr'>effossa,</span> <span class='ocrx_word' id='word_1_202' title='bbox 2942 3388 3023 3451; x_wconf 87' lang='lat' dir='ltr'>et</span> <span class='ocrx_word' id='word_1_203' title='bbox 3048 3398 3276 3483; x_wconf 78' lang='lat' dir='ltr'>prae,-</span> 
     </span>
     <span class='ocr_line' id='line_1_26' title="bbox 517 3478 3273 3589; baseline 0.002 -22"><span class='ocrx_word' id='word_1_204' title='bbox 517 3480 806 3571; x_wconf 76' lang='lat' dir='ltr'>sertim</span> <span class='ocrx_word' id='word_1_205' title='bbox 867 3478 1390 3589; x_wconf 77' lang='lat' dir='ltr'>numismata.</span> <span class='ocrx_word' id='word_1_206' title='bbox 1451 3482 1572 3567; x_wconf 85' lang='lat' dir='ltr'>Re</span> <span class='ocrx_word' id='word_1_207' title='bbox 1627 3510 1820 3567; x_wconf 84' lang='lat' dir='ltr'>sane</span> <span class='ocrx_word' id='word_1_208' title='bbox 1883 3510 2078 3567; x_wconf 82' lang='lat' dir='ltr'>vera</span> <span class='ocrx_word' id='word_1_209' title='bbox 2143 3504 2451 3567; x_wconf 84' lang='lat' dir='ltr'>restant</span> <span class='ocrx_word' id='word_1_210' title='bbox 2508 3481 2785 3581; x_wconf 84' lang='lat' dir='ltr'>adhuc</span> <span class='ocrx_word' id='word_1_211' title='bbox 2841 3486 3273 3573; x_wconf 80' lang='lat' dir='ltr'>ruinarum</span> 
     </span>
     <span class='ocr_line' id='line_1_27' title="bbox 519 3594 3275 3711; baseline 0.001 -30"><span class='ocrx_word' id='word_1_212' title='bbox 519 3596 880 3682; x_wconf 81' lang='lat' dir='ltr'>aedificia</span> <span class='ocrx_word' id='word_1_213' title='bbox 921 3628 946 3680; x_wconf 67' lang='grc' dir='ltr'><em>ε</em></span> <span class='ocrx_word' id='word_1_214' title='bbox 1011 3598 1324 3681; x_wconf 83' lang='lat' dir='ltr'>incolae</span> <span class='ocrx_word' id='word_1_215' title='bbox 1391 3594 1800 3711; x_wconf 87' lang='lat' dir='ltr'>appellant</span> <span class='ocrx_word' id='word_1_216' title='bbox 1859 3598 2136 3711; x_wconf 81' lang='lat' dir='ltr'>Bagni</span> <span class='ocrx_word' id='word_1_217' title='bbox 2197 3601 2292 3683; x_wconf 81' lang='lat' dir='ltr'>di</span> <span class='ocrx_word' id='word_1_218' title='bbox 2354 3601 2659 3703; x_wconf 72' lang='lat' dir='ltr'>Pilato,</span> <span class='ocrx_word' id='word_1_219' title='bbox 2755 3600 2889 3693; x_wconf 83' lang='lat' dir='ltr'>Ab</span> <span class='ocrx_word' id='word_1_220' title='bbox 2986 3599 3275 3693; x_wconf 72' lang='lat' dir='ltr'>iisdem</span> 
     </span>
     <span class='ocr_line' id='line_1_28' title="bbox 471 3710 3277 3831; baseline 0.002 -34"><span class='ocrx_word' id='word_1_221' title='bbox 471 3710 929 3824; x_wconf 63' lang='lat' dir='ltr'>‘indigenis</span> <span class='ocrx_word' id='word_1_222' title='bbox 992 3711 1545 3797; x_wconf 87' lang='lat' dir='ltr'>ostenduntur</span> <span class='ocrx_word' id='word_1_223' title='bbox 1605 3710 1872 3799; x_wconf 85' lang='lat' dir='ltr'>adhuc</span> <span class='ocrx_word' id='word_1_224' title='bbox 1943 3714 2024 3797; x_wconf 88' lang='lat' dir='ltr'>S.</span> <span class='ocrx_word' id='word_1_225' title='bbox 2087 3715 2570 3803; x_wconf 68' lang='lat' dir='ltr'>Domitillae</span> <span class='ocrx_word' id='word_1_226' title='bbox 2630 3738 2961 3831; x_wconf 83' lang='lat' dir='ltr'>cryptae</span> <span class='ocrx_word' id='word_1_227' title='bbox 2996 3780 3030 3823; x_wconf 90' lang='lat'><em>,</em></span> <span class='ocrx_word' id='word_1_228' title='bbox 3130 3718 3277 3804; x_wconf 85' lang='lat' dir='ltr'>ubi</span> 
     </span>
     <span class='ocr_line' id='line_1_29' title="bbox 525 3828 2957 3940; baseline 0.001 -23"><span class='ocrx_word' id='word_1_229' title='bbox 525 3828 950 3919; x_wconf 78' lang='lat' dir='ltr'>habitavit.</span> <span class='ocrx_word' id='word_1_230' title='bbox 1012 3828 1286 3914; x_wconf 88' lang='lat' dir='ltr'>Insula</span> <span class='ocrx_word' id='word_1_231' title='bbox 1349 3848 1683 3940; x_wconf 84' lang='lat' dir='ltr'>portum</span> <span class='ocrx_word' id='word_1_232' title='bbox 1742 3830 1986 3917; x_wconf 88' lang='lat' dir='ltr'>habet</span> <span class='ocrx_word' id='word_1_233' title='bbox 2023 3892 2056 3933; x_wconf 83' lang='lat'><strong>,</strong></span> <span class='ocrx_word' id='word_1_234' title='bbox 2117 3852 2198 3916; x_wconf 87' lang='lat' dir='ltr'>et</span> <span class='ocrx_word' id='word_1_235' title='bbox 2256 3862 2529 3919; x_wconf 86' lang='lat' dir='ltr'>arcem</span> <span class='ocrx_word' id='word_1_236' title='bbox 2585 3830 2957 3920; x_wconf 77' lang='lat' dir='ltr'>validam.</span> 
     </span>
    </p>

    <p class='ocr_par' dir='ltr' id='par_1_6' title="bbox 491 3940 3275 4654">
     <span class='ocr_line' id='line_1_30' title="bbox 755 3940 3275 4064; baseline 0.002 -33"><span class='ocrx_word' id='word_1_237' title='bbox 755 3948 1002 4031; x_wconf 87' lang='lat' dir='ltr'>Anno</span> <span class='ocrx_word' id='word_1_238' title='bbox 1063 3976 1256 4037; x_wconf 87' lang='lat' dir='ltr'>vero</span> <span class='ocrx_word' id='word_1_239' title='bbox 1316 3940 1857 4035; x_wconf 83' lang='lat' dir='ltr'><strong>DCCCXIII&#39;.</strong></span> <span class='ocrx_word' id='word_1_240' title='bbox 1923 3948 2362 4036; x_wconf 86' lang='lat' dir='ltr'>Saracenos</span> <span class='ocrx_word' id='word_1_241' title='bbox 2393 3948 2745 4043; x_wconf 81' lang='lat' dir='ltr'>insulam</span> <span class='ocrx_word' id='word_1_242' title='bbox 2848 3948 3275 4064; x_wconf 82' lang='lat' dir='ltr'>praedatos</span> 
     </span>
     <span class='ocr_line' id='line_1_31' title="bbox 539 4064 3273 4181; baseline 0.003 -36"><span class='ocrx_word' id='word_1_243' title='bbox 539 4094 707 4147; x_wconf 84' lang='lat' dir='ltr'>esse</span> <span class='ocrx_word' id='word_1_244' title='bbox 769 4092 867 4147; x_wconf 86' lang='lat' dir='ltr'>ex</span> <span class='ocrx_word' id='word_1_245' title='bbox 923 4064 1270 4151; x_wconf 84' lang='lat' dir='ltr'>historia</span> <span class='ocrx_word' id='word_1_246' title='bbox 1333 4085 1856 4179; x_wconf 71' lang='lat' dir='ltr'>compertum</span> <span class='ocrx_word' id='word_1_247' title='bbox 1913 4064 2343 4157; x_wconf 75' lang='lat' dir='ltr'>habemus,</span> <span class='ocrx_word' id='word_1_248' title='bbox 2442 4070 2521 4157; x_wconf 81' lang='lat' dir='ltr'><strong>A</strong></span> <span class='ocrx_word' id='word_1_249' title='bbox 2606 4068 2845 4151; x_wconf 82' lang='lat' dir='ltr'>variis</span> <span class='ocrx_word' id='word_1_250' title='bbox 2903 4088 3273 4181; x_wconf 85' lang='lat' dir='ltr'>postmo-</span> 
     </span>
     <span class='ocr_line' id='line_1_32' title="bbox 525 4177 3275 4299; baseline 0.003 -37"><span class='ocrx_word' id='word_1_251' title='bbox 525 4180 728 4263; x_wconf 89' lang='lat' dir='ltr'>dum</span> <span class='ocrx_word' id='word_1_252' title='bbox 791 4177 1170 4293; x_wconf 84' lang='lat' dir='ltr'>gentibus</span> <span class='ocrx_word' id='word_1_253' title='bbox 1237 4180 1592 4299; x_wconf 80' lang='lat' dir='ltr'>sequiori</span> <span class='ocrx_word' id='word_1_254' title='bbox 1653 4206 1851 4271; x_wconf 81' lang='lat' dir='ltr'>aevo</span> <span class='ocrx_word' id='word_1_255' title='bbox 1911 4182 2070 4267; x_wconf 89' lang='lat' dir='ltr'>fuit</span> <span class='ocrx_word' id='word_1_256' title='bbox 2130 4186 2577 4299; x_wconf 88' lang='lat' dir='ltr'>populata,</span> <span class='ocrx_word' id='word_1_257' title='bbox 2643 4202 2725 4269; x_wconf 86' lang='lat' dir='ltr'>et</span> <span class='ocrx_word' id='word_1_258' title='bbox 2784 4204 3183 4293; x_wconf 79' lang='lat' dir='ltr'>occupata</span> <span class='ocrx_word' id='word_1_259' title='bbox 3226 4216 3275 4271; x_wconf 83' lang='lat' dir='ltr'>a</span> 
     </span>
     <span class='ocr_line' id='line_1_33' title="bbox 527 4294 3263 4413; baseline 0.003 -35"><span class='ocrx_word' id='word_1_260' title='bbox 527 4294 827 4380; x_wconf 83' lang='lat' dir='ltr'>Turcis</span> <span class='ocrx_word' id='word_1_261' title='bbox 883 4301 1354 4413; x_wconf 81' lang='lat' dir='ltr'>praesertim</span> <span class='ocrx_word' id='word_1_262' title='bbox 1417 4326 1638 4383; x_wconf 85' lang='lat' dir='ltr'>anuo</span> <span class='ocrx_word' id='word_1_263' title='bbox 1698 4300 2222 4389; x_wconf 84' lang='lat' dir='ltr'><strong>MDXXXII.</strong></span> <span class='ocrx_word' id='word_1_264' title='bbox 2260 4300 2733 4387; x_wconf 84' lang='lat' dir='ltr'>Hodiedum</span> <span class='ocrx_word' id='word_1_265' title='bbox 2772 4300 3060 4385; x_wconf 83' lang='lat' dir='ltr'>sterilis</span> <span class='ocrx_word' id='word_1_266' title='bbox 3092 4322 3263 4405; x_wconf 86' lang='lat' dir='ltr'>est,</span> 
     </span>
     <span class='ocr_line' id='line_1_34' title="bbox 491 4414 3269 4534; baseline 0.003 -39"><span class='ocrx_word' id='word_1_267' title='bbox 491 4432 606 4495; x_wconf 74' lang='lat' dir='ltr'>‘et</span> <span class='ocrx_word' id='word_1_268' title='bbox 670 4414 806 4519; x_wconf 59' lang='lat' dir='ltr'>vix</span> <span class='ocrx_word' id='word_1_269' title='bbox 859 4416 1094 4527; x_wconf 86' lang='lat' dir='ltr'>pauci</span> <span class='ocrx_word' id='word_1_270' title='bbox 1159 4418 1529 4502; x_wconf 90' lang='lat' dir='ltr'>incolunt</span> <span class='ocrx_word' id='word_1_271' title='bbox 1561 4478 1598 4523; x_wconf 88' lang='lat'>‚.</span> <span class='ocrx_word' id='word_1_272' title='bbox 1649 4417 1794 4534; x_wconf 85' lang='lat' dir='ltr'>qui</span> <span class='ocrx_word' id='word_1_273' title='bbox 1855 4420 2337 4533; x_wconf 84' lang='lat' dir='ltr'>piscatoriae</span> <span class='ocrx_word' id='word_1_274' title='bbox 2390 4416 2547 4503; x_wconf 86' lang='lat' dir='ltr'>arti</span> <span class='ocrx_word' id='word_1_275' title='bbox 2636 4439 2829 4503; x_wconf 84' lang='lat' dir='ltr'>sunt</span> <span class='ocrx_word' id='word_1_276' title='bbox 2928 4418 3269 4503; x_wconf 86' lang='lat' dir='ltr'>addicti.</span> 
     </span>
     <span class='ocr_line' id='line_1_35' title="bbox 527 4526 3265 4654; baseline 0.007 -47"><span class='ocrx_word' id='word_1_277' title='bbox 527 4526 924 4615; x_wconf 78' lang='lat' dir='ltr'>Vicinum</span> <span class='ocrx_word' id='word_1_278' title='bbox 987 4560 1206 4617; x_wconf 85' lang='lat' dir='ltr'>mare</span> <span class='ocrx_word' id='word_1_279' title='bbox 1264 4533 1675 4648; x_wconf 82' lang='lat' dir='ltr'>exquisitis</span> <span class='ocrx_word' id='word_1_280' title='bbox 1735 4534 2100 4625; x_wconf 86' lang='lat' dir='ltr'>abundat</span> <span class='ocrx_word' id='word_1_281' title='bbox 2157 4536 2543 4654; x_wconf 83' lang='lat' dir='ltr'>piscibus.</span> <span class='ocrx_word' id='word_1_282' title='bbox 2642 4534 2951 4621; x_wconf 86' lang='lat' dir='ltr'>Plinius</span> <span class='ocrx_word' id='word_1_283' title='bbox 3044 4536 3265 4625; x_wconf 79' lang='lat' dir='ltr'>Hist.</span> 
     </span>
    </p>
   </div>
   <div class='ocr_carea' id='block_1_2' title="bbox 530 4644 3265 4899">
    <p class='ocr_par' dir='ltr' id='par_1_7' title="bbox 530 4644 3265 4899">
     <span class='ocr_line' id='line_1_36' title="bbox 530 4644 3265 4855; baseline 0 -121"><span class='ocrx_word' id='word_1_284' title='bbox 530 4648 718 4729; x_wconf 81' lang='lat' dir='ltr'>Nat·</span> <span class='ocrx_word' id='word_1_285' title='bbox 771 4644 920 4851; x_wconf 45' lang='lat' dir='ltr'>{ib-</span> <span class='ocrx_word' id='word_1_286' title='bbox 985 4646 1130 4855; x_wconf 55' lang='lat' dir='ltr'>{IL</span> <span class='ocrx_word' id='word_1_287' title='bbox 1197 4679 1275 4736; x_wconf 63' lang='lat' dir='ltr'>ca</span> <span class='ocrx_word' id='word_1_288' title='bbox 1340 4682 1388 4745; x_wconf 65' lang='grc' dir='ltr'><strong><em>π</em></strong></span> <span class='ocrx_word' id='word_1_289' title='bbox 1427 4653 1930 4755; x_wconf 78' lang='lat' dir='ltr'>mentionem</span> <span class='ocrx_word' id='word_1_290' title='bbox 1987 4654 2180 4755; x_wconf 78' lang='lat' dir='ltr'>facit</span> <span class='ocrx_word' id='word_1_291' title='bbox 2229 4657 2479 4777; x_wconf 81' lang='lat' dir='ltr'>piscis</span> <span class='ocrx_word' id='word_1_292' title='bbox 2536 4654 2963 4741; x_wconf 88' lang='lat' dir='ltr'>cuiusdam</span> <span class='ocrx_word' id='word_1_293' title='bbox 3006 4651 3265 4759; x_wconf 75' lang='lat' dir='ltr'>norni-</span> 
     </span>
     <span class='ocr_line' id='line_1_37' title="bbox 837 4802 2743 4899; baseline -0.004 8"><span class='ocrx_word' id='word_1_294' title='bbox 837 4824 866 4857; x_wconf 76' lang='grc'><strong>’</strong></span> <span class='ocrx_word' id='word_1_295' title='bbox 1026 4828 1048 4857; x_wconf 85' lang='grc'><strong><em>’</em></strong></span> <span class='ocrx_word' id='word_1_296' title='bbox 2684 4802 2743 4899; x_wconf 81' lang='grc'><em>9</em></span> 
     </span>
    </p>
   </div>
   <div class='ocr_carea' id='block_1_3' title="bbox 3406 1256 3609 1312">
    <p class='ocr_par' dir='ltr' id='par_1_8' title="bbox 3406 1256 3609 1312">
     <span class='ocr_line' id='line_1_38' title="bbox 3406 1256 3609 1312; baseline -0.025 0"><span class='ocrx_word' id='word_1_297' title='bbox 3406 1256 3609 1312; x_wconf 74' lang='lat' dir='ltr'>Pontia.</span> 
     </span>
    </p>
   </div>
  </div>
 </body>
</html>
