4487 5685
3115 446 3190 514 1*

350 576 363 638 ’.
478 550 787 657 ἰυοιισῇς
876 538 1549 663 qnandoquidem
1638 546 1927 663 Capua
2016 544 2101 629 in
2154 542 2500 630 huiusce
2565 542 2894 631 montis
2967 458 3218 659 plan}

482 666 645 748 fuit
705 662 809 748 ad
905 672 1373 765 orientem‘3
1467 692 1639 777 quo
1723 663 1805 743 in
1897 664 2087 746 loco
2148 660 2568 773 magnifica
2642 660 2914 745 adhuc
2979 660 3222 744 rude⁴

486 808 639 883 ra,
723 802 973 894 atque
1062 780 1375 891 amplae
1471 774 2030 867 aedificiorum
2095 798 2400 860 restant
2461 778 2800 881 ruinae,
2895 804 3270 863 necnon.

366 974 369 979 .
476 890 1257 983 innumerave‘teris
1318 894 1839 1005 sculpturae,
1913 912 1993 975 et
2055 893 2249 975 artis
2310 920 2550 1002 opera
2639 923 2782 1005 per
2867 890 3212 976 multam

376 1066 388 1079 -
481 1030 648 1095 tem
714 1030 1043 1096 estatem
1108 1005 1433 1090 disiecta
1492 1029 1703 1093 sunt·
1764 1008 1933 1115 Qui
1963 1007 2193 1091 locus
2234 1002 2380 1091 uhi
2412 1010 2696 1121 Capua
2740 1006 2946 1109 suit,
2999 1036 3221 1093 nunc
3291 1095 3300 1103 ,

478 1125 663 1211 inco
700 1130 865 1209 itur
918 1122 1425 1235 quibusdam
1491 1123 1687 1207 vicis
1747 1121 1935 1208 satis
1967 1122 2366 1234 cognitis,
2431 1121 2519 1204 S.
2590 1132 3218 1208 Mariaeatem-

440 1256 443 1261 ’
465 1240 611 1353 plo
674 1239 985 1353 Virgini
1081 1240 1435 1345 dicato,
1506 1258 1583 1323 et
1646 1270 1695 1323 a
1774 1242 2201 1355 Campano
2262 1240 2680 1354 Episcopo
2715 1236 3214 1357 Symmacho

478 1354 557 1441 S.
618 1354 938 1440 Paulini
1003 1353 1300 1439 Nolani
1359 1376 2063 1471 contemporaneo
2124 1350 2792 1470 aedificato.‚‘qui
2831 1354 3000 1439 fato
3025 1354 3216 1435 sun-

463 1493 651 1557 ctus
702 1492 831 1557 cst
886 1499 1099 1555 anno
1159 1468 1747 1557 CCCXXXV.
1795 1502 1842 1555 a
1904 1472 2155 1556 Partu
2220 1471 2609 1583 Virginis.
2675 1471 2906 1555 Alius
2957 1496 3250 1581 prope«

478 1588 569 1669 S.
631 1588 993 1673 Mariam
1058 1607 1176 1671 est
1238 1588 1327 1670 S.
1410 1598 1711 1675 Petrus
1782 1598 1863 1674 in
1942 1595 2283 1705 Corpore
2343 1586 2446 1671 ab
2484 1590 2640 1671 alio
2671 1588 3212 1671 vetustissimo

474 1706 787 1817 templo
846 1702 990 1805 SS.
1056 1702 1469 1817 Apostolis
1528 1708 1799 1810 Petro,
1838 1726 1917 1792 et
1980 1704 2233 1791 Paulo
2290 1701 2491 1789 olim
2551 1702 2842 1787 dicato.
2909 1706 3092 1785 Hoc
3131 1696 3214 1779 in

480 1820 665 2018 loc<l>
728 1821 877 1903 sita
939 1820 1097 1903 fuit
1156 1820 1485 1937 antiqua
1550 1820 1831 1941 Capua
1868 1886 1902 1930 ,
1972 1856 2017 1909 a
2108 1850 2320 1911 nova
2409 1852 2608 1908 vero
2705 1816 2876 1907 duo
2937 1814 3208 1902 dissita

479 1938 621 2021 mil
665 1938 877 2020 iat-ia.

3243 2030 3448 2095 Vetusti

3521 2024 3638 2092 saei

716 2056 1041 2141 Praeter
1102 2054 1253 2141 hos
1317 2054 1751 2145 hodiernos
1815 2086 2059 2177 pagos
2101 2122 2129 2163 ,
2191 2052 2298 2143 ad
2329 2056 2652 2144 lectoris
2681 2052 2978 2141 eruditi
3018 2080 3430 2181 ocu·-Capuae
3471 2118 3500 2157 ,
3541 2095 3672 2150 {aaa

480 2170 601 2253 los
652 2170 1055 2283 quosdam
1098 2174 1298 2259 alios
1330 2196 1684 2261 vetustos
1742 2178 2326 2292 suppingemus
2377 2174 2492 2259 'ad
2530 2172 2902 2293 Capuam
2937 2200 3206 2287 quon-

481 2282 673 2367 dam
735 2293 1227 2400 pertinentes
1270 2352 1295 2396 ,
1357 2321 1723 2404 quorum
1793 2296 2184 2383 memoria
2245 2292 2676 2378 obliterata
2705 2344 2736 2396 ,-
2789 2282 3231 2402 vixque·ad

486 2414 854 2513 posteros
948 2403 1278 2486 illorum
1338 2407 1707 2517 pervenit
1762 2436 2093 2492 nomen.
2150 2411 2531 2493 Primum
2633 2410 3020 2490 omnium
3097 2428 3237 2483 oc-

465 2514 751 2597 currit
814 2539 1067 2619 pagus
1172 2518 1459 2595 Iovius
1496 2570 1521 2613 ,
1577 2514 2038 2595 hodiedum
2136 2520 2346 2593 Casa
2464 2518 2709 2609 Jove,
2771 2518 2896 2593 vel
2959 2517 3242 2625 potius

479 2610 709 2711 ⁸Cas-a
740 2625 1003 2711 Nova.
1048 2623 1267 2705 Huic
1302 2652 1507 2736 pago
1542 2650 1843 2705 nomen
1877 2621 2237 2707 inditum
2277 2625 2638 2740 putarim
2685 2654 2734 2709 a
2771 2628 3062 2713 celebri
3106 2626 3243 2711 Io-

481 2742 564 2824 vi
601 2745 911 2854 templo
947 2738 1211 2823 dicato
1260 2799 1287 2839 ,
1319 2734 1443 2821 vel
1474 2738 1558 2821 in
1588 2738 1760 2851 ipsa
1802 2736 2006 2823 urhe
2036 2738 2298 2824 vicina
2333 2736 2620 2856 Capua
2658 2803 2682 2848 ‚
2755 2741 2894 2825 vel·
2922 2745 3004 2826 in
3083 2745 3244 2829 hoe

478 2860 689 2943 vico,
774 2857 1039 2970 Ipsius
1120 2875 1335 2940 extat
1393 2857 1707 2942 men-tio
1784 2857 1919 2949 in,
1964 2853 2292 2942 duobus
2387 2859 2952 2946 vetustissimis
3028 2889 3242 2944 mar-

508 2971 877 3059 moribus
938 2976 1271 3092 Capuae
1331 2975 1723 3087 repertis,
1763 2994 1865 3060 et.
1910 3002 1953 3056 a
2016 2969 2456 3061 Mazochio
2521 2976 2872 3062 recitatis
2933 2975 3244 3092 Amph.

508 3090 797 3206 Camp.
828 3121 905 3176 c.
944 3093 997 3178 8
1038 3095 1127 3178 in
1172 3117 1527 3205 quorum
1566 3089 1841 3206 primo
1874 3089 2169 3202 legitur
2199 3121 2462 3209 pagus
2501 3093 3055 3181 Herculaneus
3082 3157 3108 3194 ,
3169 3114 3280 3176 et·

512 3237 767 3321 pagus
801 3205 1040 3294 Iovis.
1082 3207 1185 3306 I'n,
1208 3207 1367 3290 alio
1400 3235 1591 3292 vero
1618 3234 1830 3324 pago
1861 3205 2409 3317 Herculaneo,
2443 3237 2670 3308 nunc
2703 3209 2998 3298 Recole
3034 3215 3246 3296 Her-

512 3322 676 3408 culi
724 3324 1127 3436 templum
1162 3325 1521 3412 dicatum
1560 3354 1725 3410 esse
1760 3322 2161 3441 probatur
2194 3357 2290 3412 ex
2323 3325 2759 3444 epigraphe
2793 3359 2836 3412 a
2873 3327 3248 3412 Reinesio

505 3440 739 3526 allata
806 3439 1059 3527 Class.
1121 3449 1195 3530 1.
1259 3469 1493 3524 num.
1530 3445 1725 3559 64.ς
1780 3442 2246 3530 Fuit-alius
2301 3473 2576 3560 ,prope
2607 3442 2978 3562 Capuam
3024 3445 3250 3534 vicus

504 3556 996 3671 Apollinis,
1082 3581 1283 3675 puta
1352 3555 1453 3654 ab
1527 3559 1862 3645 huiusce
1936 3563 2093 3644 Dei
2154 3558 2352 3644 sede
2395 3622 2420 3667 ‚
2527 3561 2760 3646 cuius
2833 3559 3056 3646 nulia
3160 3560 3246 3641 in

515 3675 1165 3787 praesentiarum
1238 3675 1535 3762 rudera
1642 3691 2077 3790 supersunt
2137 3736 2159 3757 .
2223 3675 2701 3765 Hodiedum
2801 3707 3046 3792 pagus
3113 3673 3247 3757 bic

508 3787 613 3872 ab
684 3785 1075 3904 indigenis
1151 3793 1577 3910 Casapnlla
1641 3793 2081 3878 dictitatur.
2156 3791 2292 3878 Ab
2359 3793 2534 3907 ipso
2623 3797 2908 3907 procul
2976 3793 3251 3878 aberat

509 3906 711 3992 alius
778 3911 1067 4019 vicus,
1140 3943 1363 3996 nunc
1424 3921 1918 4000 Marcianise
1976 3905 2578 3995 Marti‘anisium
2646 3911 3010 3998 aMartis
3050 3930 3252 3992 tem-

404 4087 413 4096 .
514 4020 657 4138 plo
724 4021 1013 4112 dictus.
1086 4031 1345 4142 Pagus
1414 4027 1738 4115 Camilli
1802 4027 2227 4149 proximus
2279 4047 2456 4135 est,
2531 4055 2758 4112 nunc
2805 4027 3252 4140 Camiglim

505 4171 669 4246 νιος
750 4140 965 4231 intra
1022 4143 1267 4232 huius
1344 4141 2081 4255 ruinas'Mercurii
2154 4175 2250 4228 ex
2321 4173 2500 4230 sere
2607 4134 2869 4230 statua
2935 4139 3090 4226 fuit
3133 4169 3245 4222 re·

502 4278 731 4373 perta
808 4269 1023 4352 atino
1086 4231 1595 4372 MDCC'LU.
1674 4283 1753 4346 et
1794 4250 1969 4348 heic
2004 4259 2426 4378 qnondsin
2467 4259 2814 4354 extitisse
2845 4259 3253 4378 templum

513 4405 608 4460 ex
676 4372 1041 4464 Pratillio
1104 4401 1415 4470 constat
1476 4379 1577 4464 de
1639 4379 1799 4464 Via
1876 4383 2059 4500 Ap.-
2101 4375 2243 4462 lib.
2299 4375 2414 4462 111
2486 4407 2558 4464 c.
2638 4403 2706 4471 ι.
2781 4377 3058 4466 Fuisse
3101 4403 3252 4458 aus

518 4511 681 4575 tem
752 4517 1019 4612 prope
1074 4490 1442 4610 Capuam
1530 4495 1879 4582 Veneris
1952 4511 2312 4611 pagum,
2355 4515 2458 4577 et
2533 4495 2868 4609 proprie
2911 4492 2992 4576 in
3031 4491 3254 4582 Stel·

518 4603 695 4693 latis
758 4637 1057 4724 campo
1124 4633 1439 4698 constat
1521 4641 1617 4698 ex
1683 4637 1819 4698 ara
1887 4611 2083 4698 huic
2152 4611 2476 4703 numini
2555 4609 2850 4698 dicata.
2929 4607 3252 4718 lave·
3347 4701 3352 4704 .

521 4727 773 4869 neris?
805 4727 1119 4843 templo
1176 4725 1495 4820 Gratias
1566 4759 1881 4820 sorores
1955 4731 2215 4818 cultas
2275 4729 2638 4846 putarim
2685 4791 2710 4836 ‚
2775 4741 3064 4839 utpote
3111 4743 3252 4832 pfl·

746 4839 837 4930 ιι
956 4843 1041 4938 1.
1550 4949 1559 4960 ,
2533 4862 2588 4951 4
