4487 5685
47 4199 59 4320 -v
47 3891 55 4128 v—-——————
46 3403 65 3784 w-
52 3310 60 3321 -
47 2923 57 3286 -ᾐ--ἡ-

496 454 1011 577 Campanam·
1069 446 1491 539 dinastiam
1560 444 1997 567 pertinuit,
2059 444 2201 563 qui
2242 446 2596 565 'quidem
2659 448 3058 565 principes
3091 354 3238 568 ἕξι-

500 608 673 661 eam
740 591 1304 685 tempestatem
1364 568 1571 649 hanc
1632 568 1921 653 urbem
1980 564 2547 649 nobilitarunt.
2613 566 2950 651 Saeculo
3039 598 3229 655 vero
3379 668 3390 675 ‚

500 721 721 779 nono
778 686 1119 773 eandem
1179 685 1265 765 in
1327 680 1895 798 Episcopalem
1984 680 2456 793 cathedram
2541 682 2786 766 fuisse
2886 704 3238 768 erectam

506 792 835 893 narrant
890 820 1284 885 auctores.

739 922 1040 1005 Parum
1102 946 1145 997 a
1213 911 1540 999 Caserta
1602 909 1957 1019 adsurgit
2016 906 2448 1021 opidulum
2511 912 2844 997 nomine
2906 912 3234 1026 Magda-
3269 914 3657 989 ¹⁸⁸³⁸h¹²¹¹¹⁶

506 1038 801 1121 lunum
861 1032 961 1113 ab
1024 1032 1191 1141 ipsa
1252 1030 1407 1107 tria·
1464 1022 1833 1111 milliaria
1892 1024 2258 1123 distans,
2321 1024 2425 1107 ad
2487 1026 2950 1113 Tifatorum
2994 1057 3232 1115 mon—

470 1152 701 1235 tium
762 1148 1114 1258 positum
1182 1139 1505 1223 radices.
1570 1139 1781 1223 Sunt
1843 1140 1987 1251 qui
2046 1138 2410 1223 scribunt
2498 1142 2678 1223 hoc
2746 1164 3102 1227 castrum
3181 1176 3230 1229 a

466 1262 869 1349 Saracenis
910 1316 941 1361 ,
1012 1276 1093 1337 at
1179 1258 1449 1369 potius
1510 1286 1554 1337 a
1618 1253 2171 1363 Langobardis
2226 1252 2742 1341 aedificatum
2803 1257 3218 1369 arbitror,

466 1381 603 1492 qui
672 1396 935 1481 turre·
998 1368 1619 1474 condiderunt,
1687 1399 1856 1481 quo
1918 1370 2221 1455 vicinos
2281 1371 2776 1487 Campaniae
2863 1374 3217 1490 populo·
3297 1376 3304 1381 ’

470 1508 953 1577 coercerent.
1736 1524 1741 1530 ·

526 1694 533 1704 ‚
704 1614 1005 1686 Acerra
1058 1600 1419 1715 septimo
1482 1600 1805 1683 circiter
1866 1628 1910 1679 a
1972 1600 2320 1714 Neapoli
2377 1598 2649 1713 lapide
2710 1620 2832 1685 est
2921 1600 3222 1700 dissita,
3362 1596 3580 1652 *mm

488 1720 609 1805 Ea
678 1739 770 1801 ut
830 1738 1139 1799 ceterae
1198 1718 1687 1828 Campaniae
1766 1712 2007 1797 urbes
2073 1715 2611 1811 vetustissima
2675 1714 3218 1807 existimaturi

483 1832 1111 1921 CLMazochius
1176 1853 1385 1913 tom.
1448 1829 1547 1919 ΙΙ.
1616 1834 1935 1943 Opusc·
1998 1830 2262 1915 Diatr.
2327 1828 2556 1945 Vsp
2661 1896 2682 1916 .
2754 1850 2903 1939 141
2982 1828 3084 1917 ab
3123 1842 3228 1921 E·

476 1949 759 2033 truscis
817 1948 1319 2030 aedificatam
1384 1946 1841 2031 arbitratur·
1898 1944 2189 2029 Strabo
2251 1944 2390 2030 lib.
2436 1948 2542 2030 V·
2669 1976 2879 2060 eogr.
2919 1978 2966 2031 a
3002 1950 3221 2035 Sam-

478 2067 773 2151 nitibus
834 2086 1321 2180 occupatam
1390 2082 1669 2178 postea
1728 2056 2035 2145 scribit.
2100 2066 2337 2148 Hanc
2410 2060 2699 2151 urbem
2787 2064 2896 2149 ob
2992 2069 3288 2179 plura-

482 2183 690 2265 illata
750 2177 1045 2267 damna
1110 2178 1431 2269 civitate
1510 2180 1879 2265 Romana
1944 2172 2332 2261 donatam
2403 2176 2650 2263 fuisse
2719 2200 3050 2266 constat
3139 2186 3228 2269 in

480 2292 693 2381 bello
733 2356 762 2395 ,
850 2295 1079 2404 quod
1149 2291 1561 2378 Romanos
1638 2299 1903 2393 inter,
1975 2312 2057 2373 et
2116 2291 2520 2374 Samnites
2583 2298 2896 2381 exarsit.
2939 2300 3070 2381 En
3141 2320 3234 2384 ut

488 2409 775 2492 Livius
838 2406 975 2489 hb·
1040 2404 1268 2487 Vlll.
1338 2435 1407 2487 c.
1482 2412 1575 2491 18
1642 2401 1985 2487 scribit.-
2058 2404 2445 2486 Romani
2474 2405 2717 2506 facti
2765 2407 3231 2519 Acerrani,

498 2528 691 2643 lege
750 2524 859 2603 ab
940 2518 1303 2631 Papirio
1367 2520 1597 2616 lata,
1678 2540 1853 2630 qua
1913 2513 2223 2597 civitas
2285 2522 2476 2596 sine
2533 2516 2964 2631 asti-agio
3005 2524 3234 2613 data.

492 2645 593 2724 ln
672 2635 993 2721 Punico
1060 2630 1419 2715 secundo
1478 2628 1693 2719 bello
1754 2625 2169 2709 Hannibal
2220 2648 2662 2745 postquam
2716 2630 3017 2721 Nolam
3083 2643 3240 2735 οὓς

494 2750 805 2835 sederat
842 2820 871 2862 ‚
954 2776 1203 2862 quam
1270 2740 1525 2833 dubio
1582 2739 1869 2859 procul
1932 2738 2157 2827 haud
2214 2745 2662 2860 expugnari
2749 2776 2986 2864 posse
3069 2764 3234 2846 ani.

499 2867 928 2955 madvertit
960 2925 993 2966 ,
1066 2865 1405 2948 Acerras
1494 2859 1789 2972 petiit,
1877 2877 2137 2972 utque
2235 2857 2688 2948 obstinatos
2770 2866 2976 2952 vidit
3069 2879 3240 2992 opi.

500 2981 821 3085 danos,
902 2974 1187 3064 anem
1254 2975 1603 3062 obsedit.
1666 2977 1909 3060 Cives
1969 2974 2299 3056 interim
2361 2979 2620 3060 noctis
2703 2978 3026 3068 silentio
3118 2991 3234 3076 di.

498 3097 695 3210 lapsi
746 3155 775 3198 ,
850 3097 931 3178 in
997 3093 1492 3205 Campaniae
1551 3089 1791 3175 urbes
1850 3087 2412 3200 perfugerant·
2489 3092 2620 3176 Sic
2679 3123 2854 3178 eam
2953 3100 3234 3190 incen.

507 3213 633 3296 dit
690 3214 1015 3296 Poenus
1079 3207 1267 3292 dux.
1340 3205 1467 3289 En
1537 3227 1631 3290 ut
1698 3202 2103 3320 praefatus
2164 3201 2442 3316 prodit
2505 3205 2960 3296 historicus:
3003 3227 3239 3305 Han.

510 3329 741 3412 nibal
798 3323 1160 3408 Acerris
1226 3325 1581 3432 direptis
1622 3379 1651 3422 ,
1717 3337 1969 3436 atque
2044 3327 2436 3406 incensis
2473 3384 2499 3424 ,
2571 3331 3069 3430 exereitum
3119 3330 3244 3422 ad

512 3441 981 3526 Casilinum
1038 3440 1289 3524 ducit.
1356 3442 1587 3548 Quin
1656 3435 2081 3548 Appianas
2127 3433 2227 3516 de
2289 3433 2522 3522 Bello
2579 3440 2788 3526 Pun.
2855 3445 2996 3534 lib.
3042 3452 3236 3538 VII.

516 3587 586 3638 c.
671 3565 779 3638 33
865 3559 1403 3636 Accerrarum
1498 3569 1901 3634 senatores
1988 3567 2274 3630 contra
2323 3549 2606 3637 fidem
2699 3587 2744 3640 a
2819 3561 3239 3678 Carthagi.

522 3666 932 3751 aiensibus
994 3669 1265 3750 datam
1327 3671 1409 3750 in
1474 3683 1813 3774 puteum
1869 3661 2274 3744 coniectos
2333 3693 2498 3744 esse
2563 3694 2856 3754 narrat.

526 3857 539 3878 ,
748 3782 1173 3892 Temporis
1270 3807 1697 3912 progressu
1770 3773 2113 3862 Colonia
2168 3771 2406 3858 'illuc
2463 3776 2812 3868 deducta
2905 3811 3080 3900 est,
3147 3817 3239 3883 ut

526 3893 811 3982 scribit
868 3898 1311 3979 Frontinus
1371 3895 1509 3982 lib.
1570 3893 1757 3978 Col.
1824 3887 2424 3978 Illustrissimus
2459 3897 2828 4010 Lupolus
2877 3904 3038 3990 Ite-r
3070 3917 3238 3996 Ve-

528 4042 705 4095 nus.
770 4040 937 4122 pag.
1012 4036 1113 4093 12
1170 4011 1529 4124 lapidem
1595 4009 1839 4092 affert
1900 4003 2326 4108 effossum,
2391 4008 2485 4091 in'
2531 4041 2701 4124 quo
2764 4014 3238 4111 fit'mentio

526 4124 951 4210 cuiusdam
1012 4125 1167 4212 Cn.
1225 4128 1533 4212 Stennii
1596 4119 1911 4235 Egnatii
1976 4117 2260 4208 AEdilis
2323 4121 2757 4212 Duumviri
2825 4133 3036 4218 Deae
3091 4139 3236 4224 Isi-

530 4241 653 4325 dis
680 4303 713 4344 ,
786 4263 863 4324 et
928 4242 1325 4357 Serapidis
1390 4239 1839 4326 curatoris.
1916 4231 2051 4326 E'x
2114 4237 2268 4320 hoc
2323 4265 2731 4327 marmor·
2792 4252 2980 4334 satis
3048 4253 3224 4342 elu-

528 4377 725 4460 cets
769 4357 1106 4440 Acerras
1166 4357 1455 4442 urbem
1510 4353 1701 4438 satis
1758 4349 2153 4441 celebrem
2215 4350 2462 4436 fuisse
2487 4415 2522 4464 ‚
2611 4386 2803 4447 cum
2911 4395 3222 4456 memo..

534 4491 821 4554 rantur
880 4473 1175 4556 horum
1235 4473 1735 4588 templorum
1793 4469 2274 4580 Augustales
2303 4471 2752 4561 sacerdotes
2795 4537 2823 4580 ,
2881 4482 3218 4598 ludique

538 4587 639 4670 ab
704 4583 991 4668 eodem
1082 4586 1233 4670 Cn.
1295 4585 1637 4673 Stennio
1721 4582 1945 4680 editi.
2036 4582 2310 4691 Adiria
2378 4584 2801 4690 laudatum
2859 4595 3228 4692 Clarissi-

525 4725 745 4784 mum
808 4721 1225 4810 auctorem
1284 4698 1471 4806 loco
1528 4704 1805 4814 ximo,
