4487 5685
3278 364 3393 450 63

647 509 947 578 narrat
1009 487 1310 572 Paulus
1370 483 1788 572 D'iaconus
1871 481 2084 568 Hist.
2157 484 2405 598 Lang.
2482 478 2629 566 lib·
2694 481 2822 570 VI
2881 512 2955 564 c·
3020 481 3154 589 87.
3218 485 3399 566 An·

655 641 764 692 no
835 634 1028 689 vero
1095 606 1366 696 MCC:
1419 602 1487 685 1·
1556 598 1990 688 Conradus
2061 599 2682 685 Germanorum
2750 599 3202 716 Imperator
3274 627 3399 684 ur·

566 801 574 806 .
641 725 842 808 bem
911 750 1072 806 non
1133 723 1422 804 solum·
1477 719 1560 800 vi
1628 723 1842 834 cepit
1881 777 1910 818 ,
1981 715 2122 800 sed
2191 717 2371 827 igne
2436 745 2771 830 quoque
2860 715 3283 820 cremavit,
3316 737 3397 798 et

652 845 822 926 so'o
913 839 1320 948 aequauit.
1429 835 1543 924 Et
1641 836 1956 919 saeculo
2047 831 2246 914 XV·
2324 831 2633 920 bellum
2702 835 3005 916 iterum
3102 832 3395 916 exarsit

653 952 1272 1042 Ferdinandnm
1343 951 1555 1036 inter
1613 949 2066 1062 Aragoniae
2125 951 2430 1056 Regem
2464 1009 2507 1052 -,
2594 965 2672 1030 et
2736 949 3129 1034 Cat-olum
3236 955 3402 1033 An·

659 1073 1192 1186 degavensem
1231 1131 1258 1172 ,
1315 1097 1484 1184 qno
1541 1087 1909 1182 tempore
1965 1061 2275 1146 vicinae
2340 1063 2581 1148 urbes
2620 1065 3049 1178 populatae
3092 1125 3119 1166 ,
3210 1063 3407 1148 urbs

661 1194 962 1275 isthaec
1021 1186 1322 1286 Marii,
1383 1203 1462 1265 et
1521 1179 1940 1268 Ciceronis
2009 1181 2395 1264 memoria
2464 1181 2797 1263 liberata
2869 1181 3051 1267 fuit·

885 1301 1109 1384 Haec
1173 1329 1368 1383 vero
1431 1298 1686 1412 patria
1753 1295 2480 1382 celeberrimorum
2539 1295 2697 1380 fuit
2799 1299 3231 1402 virorum,
3310 1315 3403 1384 ut

635 1420 756 1506 C.
821 1421 1132 1524 Marii,
1195 1437 1276 1500 et
1338 1417 1454 1500 Μ.
1517 1415 1621 1498 Τ.
1689 1415 2114 1501 Ciceronis
2175 1415 2693 1530 eloquentiae
2736 1415 3121 1530 parentis:
3194 1443 3401 1530 quo—

657 1565 854 1621 rum
927 1538 1239 1646 primus
1302 1532 1474 1620 dux
1535 1532 2022 1619 fortissimus
2083 1530 2358 1617 evasit.
2424 1529 2517 1615 In
2590 1557 2784 1644 agro
2818 1535 3214 1648 Arpinate
3256 1531 3417 1614 fuit

655 1655 838 1736 eius
899 1651 1080 1734 villa
1120 1713 1148 1754 ,
1207 1681 1422 1764 quae
1472 1648 1908 1766 qnondam
1979 1646 2420 1736 Civematis
2482 1647 2645 1732 fuit
2700 1643 3037 1732 salutata
3086 1711 3115 1752 ,
3187 1676 3409 1734 nune

667 1768 986 1884 Campo
1039 1773 1128 1854 dt
1185 1767 1278 1852 S.
1351 1773 1750 1854 Altisstma
1789 1807 1813 1852 .-
1871 1763 2192 1850 accolae
2256 1765 3253 1851 commonstrant·adhuc
3284 1793 3407 1846 ex·

649 1886 852 1970 teris
913 1883 1148 1968 villae
1205 1884 1446 1970 Marii
1515 1887 1852 1991 ruinas,
1921 1888 2166 1998 vulgo
2260 1889 2701 1974 casamari.
2792 1883 3117 1965 Horum
3208 1875 3413 1965 alter

659 2001 946 2096 Cinero
1005 1999 1324 2086 ibidem
1387 2023 1624 2086 natus
1687 2021 1810 2086 est
1865 1999 2132 2085 Nonis
2195 1999 2624 2084 Ianuariis*
2657 2025 2879 2080 anno
2957 1997 3063 2080 ab
3132 2002 3247 2083 V.
3314 1993 3411 2080 C.
3544 2079 3553 2086 .

661 2119 1060 2204 DCXLV
1067 2118 1170 2203 11.
1231 2117 1500 2202 Huius
1557 2113 1860 2202 domus
1919 2113 2254 2202 dnobus
2318 2115 2685 2202 distabat
2748 2111 3141 2200 milliariis
3174 2139 3421 2226 super

667 2233 1123 2318 Fibrenum
1185 2232 1320 2348 (1)
1389 2263 1714 2318 amnem
1749 2295 1776 2336 ‚
1839 2263 2061 2322 nnnc
2099 2239 2376 2325 Fiume
2410 2233 2627 2322 della
2667 2227 2966 2336 Postu,
3028 2231 3171 2318 ubi
3204 2231 3433 2314 adest

671 2375 928 2462 parva
991 2351 1256 2434 insula
1313 2377 1562 2464 super
1633 2349 1936 2432 Lirim.

861 2783 984 2885 (1)
1039 2779 1202 2858 Non
1253 2777 1510 2883 procul
1563 2779 1654 2855 nb
1703 2776 1848 2855 boc
1897 2777 2114 2881 opido
2183 2779 2423 2857 fluitet
2494 2779 2853 2859 Fibrenus
2891 2839 2915 2877 ‚
2990 2797 3063 2859 et
3132 2791 3425 2888 proprie

659 2884 1012 2987 Arpinum
1071 2886 1256 2955 inter
1304 2880 1758 2983 Soramque,
1827 2880 1958 2955 ubi
2011 2880 2204 2955 Liris
2254 2906 2427 2955 cum
2474 2878 2791 2957 Fibreno
2846 2913 3069 2987 equas
3124 2898 3431 2966 coniun-

662 2988 774 3091 git
813 3039 836 3077 ‚
889 3003 966 3155 Ξῖ
1021 2982 1174 3153 111ιί)
1203 3006 1350 3057 non
1405 2980 1664 3083 procul
1718 2980 1826 3055 ecit
1879 2978 2164 3071 insula,
2210 3004 2428 3085 quam
2480 2984 2737 3057 Cicero
2790 2982 2883 3060 de
2939 2988 3113 3089 Leg.
3168 2988 3293 3065 lib.
3330 2996 3431 3068 Π.

672 3112 734 3159 c.
797 3110 827 3159 1
943 3086 1117 3156 escri
1181 3084 1260 3158 it.
1839 3087 1844 3093 ’
2668 3126 2687 3135 “

854 3182 1054 3259 Nihil
1107 3179 1475 3257 difficilius
1525 3190 1760 3281 potest
1812 3166 1960 3255 επεὶ,
2009 3205 2232 3283 quam
2288 3208 2328 3255 a
2378 3178 2727 3257 Cicerone
2778 3182 2951 3259 haec
3006 3187 3236 3262 insula
3286 3219 3434 3267 me-

661 3300 934 3357 morate
983 3336 1004 3371 ‚
1061 3308 1226 3354 cum
1283 3279 1424 3353 sint
1478 3299 1616 3353 tres
1665 3304 1886 3381 super
1937 3279 2381 3369 Fibrenum‚
2438 3306 2582 3353 una
2636 3284 2727 3357 ab
2780 3286 2913 3359 alia
2972 3290 3191 3387 paulo
3222 3292 3437 3374 dissi-

583 3444 598 3457 .
653 3398 768 3459 sa.
827 3382 1182 3461 Pistinius
1234 3380 1470 3455 storia
1515 3378 1922 3482 Filologica
1977 3380 2166 3455 delle
2217 3377 2509 3457 antiche
2558 3382 2749 3473 cinth,
2796 3410 2837 3459 e
2890 3388 3235 3463 moder-ne
3290 3414 3427 3466 etc.

667 3510 840 3582 pao.
895 3482 996 3582 69
1045 3496 1116 3553 et
1169 3506 1368 3583 seqq.
1425 3478 1673 3554 solidis
1726 3480 2024 3580 probare
2078 3481 2343 3555 nititur
2393 3487 2843 3583 argumentis
2878 3485 3433 3585 hancinsulam,

666 3544 946 3679 nujlam
1001 3582 1220 3653 aliam
1275 3610 1314 3655 a
1368 3578 1616 3655 Tullio
1669 3576 1966 3655 indicari
2014 3584 2381 3681 potuisse,
2486 3608 2657 3655 uem
2708 3585 2967 3679 illam,
3020 3591 3137 3663 cui
3170 3616 3430 3666 nomen

670 3675 1284 3753 Carne210.11eic
1338 3680 1531 3751 enim
1581 3677 1940 3751 Fibrenus
2000 3682 2074 3750 in
2161 3679 2345 3753 duos
2416 3606 2773 3758 ‹iiividitnr
2847 3710 3131 3778 ramos,
3208 3716 3433 3793 eaque

667 3802 960 3851 amoena
1013 3778 1180 3850 satis
1235 3800 1366 3853 est.
1419 3775 1786 3869 Febonins
1837 3776 1968 3851 lib.
2020 3780 2151 3852 111.
2207 3805 2276 3851 e.
2334 3778 2381 3851 3
2432 3778 2731 3853 eandem
2790 3784 3098 3859 insulam
3140 3788 3431 3865 Cicero-

671 3882 788 3963 nis
839 3876 1094 3951 villam
1150 3894 1315 3953 unte
1367 3880 1578 3953 etiam
1635 3876 2089 3953 crediderat:
2175 3878 2271 3951 In
2343 3879 2579 3953 insula
2633 3936 2656 3956 .
2715 3934 2735 3954 .
2797 3940 2816 3959 .
2875 3936 2894 3957 .
2978 3890 3434 3965 incunabula&

669 3978 1044 4051 Ciceronis
1073 4034 1096 4071 .,
1148 3980 1280 4051 sed
1307 3984 1537 4079 magis
1565 3982 1988 4079 Martyrum
2029 3976 2307 4051 Christi
2336 3986 2657 4081 pretioso
2674 3992 3024 4085 sanguine
3057 3984 3425 4070 illustriori

675 4078 888 4151 Unde
939 4102 1046 4151 ex
1097 4076 1418 4187 Fibreno
1467 4084 1617 4178 ipso
1687 4106 1796 4153 ex
1866 4080 2210 4153 lanicinio
2274 4080 2728 4155 credentium
2774 4138 2795 4159 .
2857 4138 2880 4158 .
2942 4140 2960 4159 .
3018 4112 3279 4161 nomen
3353 4099 3429 4168 t‘n

669 4178 1028 4253 Car-netto
1078 4183 1558 4255 immutatum.
1619 4184 1698 4253 In
1753 4204 1840 4252 eo
1893 4178 2054 4255 loco
2107 4180 2513 4285 identidem(
2551 4183 2757 4281 plura
2812 4186 3065 4261 rudera
3164 4208 3431 4291 reperta

675 4280 904 4352 fuere.
951 4277 1228 4352 Verum
1285 4278 1484 4353 haud
1539 4298 1753 4383 negat
1806 4278 2061 4354 citatus
2114 4281 2465 4355 Pistillins
2516 4282 2759 4381 plnres
2811 4310 2959 4361 esse
3038 4289 3165 4389 qni
3246 4294 3423 4366 scriss

663 4380 850 4451 bunt
897 4434 918 4471 ,
974 4408 1011 4453 a
1069 4378 1322 4453 Tullio
1378 4379 1768 4455 indicatam
1825 4378 2134 4454 insulam
2210 4382 2408 4454 illam
2484 4380 2857 4483 intelligi,
2948 4415 3165 4490 quam
3236 4420 3429 4467 nnnc

675 4479 958 4552 incolae
1009 4479 1368 4579 appellant
1415 4480 1510 4556 S.
1564 4484 1972 4555 Domem‘co
2014 4534 2036 4569 ,
2085 4483 2355 4583 quippe
2404 4482 2601 4582 quod
2643 4482 2802 4559 heic
2836 4488 3051 4561 etiam
3090 4494 3231 4563 sint
3261 4520 3427 4565 ern-

667 4576 910 4659 derata
969 4592 1250 4659 vetusta
1299 4594 1832 4655 monumenta:
1889 4606 2143 4655 verum
2193 4580 2499 4656 eandem
2560 4584 2869 4661 insulam
2924 4588 3002 4661 S.
3058 4588 3425 4665 Dominici

670 4678 1102 4779 pertinuisse
1157 4681 1381 4759 etiam
1429 4680 1524 4759 ad
1573 4680 1998 4759 Ciceronem
2049 4680 2335 4785 credit,
2388 4680 2515 4759 sed
2554 4710 2695 4761 non
2730 4706 2879 4763 esse
2922 4687 3141 4788 ipsum
3168 4689 3253 4760 de
3274 4714 3422 4791 qua
