4487 5685
767 1343 1000 1406 Quanam
1020 1337 1222 1400 expa'r-

769 1423 818 1460 te
843 1411 942 1457 Ver
949 1421 1068 1455 utuv

1261 417 1414 493 ι60

1235 543 1592 608 nostram
1659 521 1822 603 sere
1883 515 2228 604 aetatem
2324 519 2801 636 perdurasse
2896 489 3166 604 narr-it
3227 517 3519 608 coelem
3618 525 3948 612 laudato

1235 637 1556 748 capite,
1635 635 1770 717 ubi
1807 639 2309 769 ‘praesertim
2376 637 2754 722 describit
2827 638 3021 720 anxii
3122 638 3700 732 MDCXXXI.
3768 675 3947 725 eru-

1233 750 1664 832 ctationem
1711 814 1734 853 ,
1801 752 1885 836 in
1954 781 2111 870 qua
2177 753 2406 868 plura
2470 785 2803 838 evenere
2866 753 3229 868 prodigia
3274 817 3299 862 ‚
3364 787 3529 871 quo
3601 783 3963 870 tempore

1237 885 1312 952 et
1377 867 1782 951 horrenda
1881 873 2173 1005 passim
2238 901 2384 983 per
2448 871 2751 954 vicinos
2816 899 3121 982 agros,
3194 889 3443 986 atque
3533 875 3707 958 loca
3776 873 3935 954 Ve

1233 982 1556 1068 suvium
1623 987 1828 1070 circa
1899 987 2130 1070 variis
2197 986 2479 1070 induta
2550 988 2834 1072 formis
2899 1009 3259 1072 monstra
3326 989 3761 1072 identidem
3806 1017 3955 1098 ap-

1235 1121 1734 1212 paruerunt3
1803 1136 1898 1188 ex
1957 1103 2255 1218 quibus
2318 1105 2578 1214 arguit
2640 1101 3261 1218 quodammodo
3328 1128 3696 1189 veterum
3726 1102 3967 1187 Chri-

1239 1216 1688 1314 stianorum
1755 1224 2176 1335 opiniones
2241 1250 2427 1302 cum
2496 1241 2785 1358 nostra·
2838 1221 3321 1306 conformari
3400 1241 3677 1305 aetate.

1473 1333 1607 1415 Ad
1673 1335 1969 1422 calcem
2028 1335 2156 1422 Cl.
2222 1341 2594 1422 Ancorae
2652 1337 3119 1442 opinionem
3177 1337 3538 1440 addam,
3612 1338 3751 1450 qui
3796 1363 3968 1416 cre-

783 1483 878 1528 m
859 1483 1140 1541 tempor·
1095 1421 1402 1557 ri’suzdit,
1445 1447 1934 1570 Prospetto
1941 1455 2255 1539 Storico
2316 1452 2391 1536 d'
2419 1452 2825 1540 Ercoiano
2888 1485 3062 1566 pag
3102 1460 3209 1562 95
3254 1457 3697 1540 Vesuvium
3736 1480 3967 1535 mon·

771 1553 943 1616 iguem
993 1559 1235 1596 evomue-

951 1615 1041 1671 tin

1259 1589 1422 1650 tem
1485 1586 1669 1667 ante
1729 1572 1896 1654 Titi
1959 1574 2455 1656 eructionem
2497 1634 2522 1672 ,
2588 1593 2665 1654 et
2728 1572 2970 1655 etiam
3036 1588 3232 1654 tunc
3298 1573 3559 1682 ignem
3607 1591 3719 1650 eo
3784 1569 3975 1649 loco

1273 1684 1720 1772 evomuisse
1761 1749 1790 1790 ,
1862 1687 2004 1804 qui
2069 1708 2347 1774 monte
2402 1693 2484 1772 di
2552 1689 2898 1774 Somma
2974 1688 3447 1788 vocitatur-5
3558 1687 3637 1766 in
3737 1683 3967 1768 cuius

1245 1805 1726 1886 sententiam
1765 1767 2174 1888 descendit
2211 1803 2685 1890 Breislakius
2694 1805 3163 1917 wTopograf
3206 1805 3456 1887 F1s1ca
3498 1799 3699 1882 delia
3738 1800 3982 1882 Cam·

1245 1918 1476 2034 pania
1547 1948 1720 2030 pag.
1801 1926 1948 2006 108
2021 1951 2208 2004 cum
2272 1941 2457 2004 ante
2518 1920 2719 2002 iliud
2778 1949 3075 2002 aevum
3110 1921 3327 2002 hune
3368 1935 3727 2001 montem
3774 1945 3967 1996 cum
4054 2027 4061 2032 ὁ

1245 2037 1646 2149 praesenti
1715 2037 2066 2120 Vesuvio
2122 2040 2660 2120 coniunctum
2730 2034 2971 2117 fuisse
3034 2035 3460 2146 opinatur
3532 2061 3720 2112 nam
3762 2031 3842 2109 in
3888 2059 3975 2109 εει

1243 2169 1532 2282 parte,
1603 2153 1778 2256 ait,
1843 2184 2050 2266 quae
2113 2151 2412 2235 dicitur
2482 2153 2970 2261 Marigliana
3010 2211 3031 2253 ‚
3100 2151 3237 2264 qui
3306 2151 3529 2230 vicus
3594 2165 3719 2229 est
3754 2150 3967 2228 Nea·

1245 2265 1502 2380 polim
1573 2266 1779 2348 inter
1819 2331 1850 2371 ,
1925 2293 2002 2350 et
2063 2267 2434 2367 Nolam,
2496 2267 2904 2346 adservari
2970 2261 3239 2344 adhuc
3286 2291 3516 2344 secus
3558 2261 3772 2342 viam
3814 2259 3967 2344 Re
4038 2273 4045 2280 ’

1243 2383 1450 2494 giam
1519 2381 1758 2465 huius
1825 2382 2122 2463 montis
2179 2377 2637 2463 vulcanicas
2698 2375 3119 2481 materias,
3184 2403 3393 2488 quae
3445 2384 3655 2461 Lave
3688 2373 3977 2459 dicun-

1247 2519 1410 2581 tur.
1479 2495 1648 2579 Eae
1713 2497 2050 2609 quidem
2117 2523 2277 2579 non
2346 2525 2439 2578 ex
2492 2493 2648 2576 alio
2711 2489 3013 2574 effusae
3070 2493 3255 2575 loco
3320 2493 3651 2576 suerunt
3692 2556 3717 2594 ‚
3810 2494 3959 2574 nisi

1247 2643 1340 2696 ex
1405 2626 1631 2724 parte
1691 2612 1998 2700 montis
2055 2613 2443 2697 Summae
2508 2613 2670 2693 iam
2732 2639 2831 2694 ex
2888 2634 3093 2693 aevo
3192 2607 3429 2692 nobis
3522 2609 3949 2720 incognito.

1249 2733 1368 2811 At
1425 2732 1868 2812 Vetranius
1933 2731 2232 2812 horum
2292 2729 2665 2813 locorum
2724 2725 3377 2808 accuratissimus
3440 2727 3967 2838 investigator

1247 2846 1524 2959 paucis
1583 2844 1878 2929 abhinc
1935 2844 2164 2927 annis
2233 2844 2431 2925 mibi
2496 2870 2639 2952 per
2696 2841 2963 2924 literas
3007 2840 3447 2979 respondit
3490 2904 3515 2943 ,
3577 2841 3847 2957 ipsum
3892 2872 3970 2925 e-

1251 2963 1446 3053 tiam
1511 2980 1695 3043 ante
1757 2989 2063 3043 annum
2127 2956 2857 3056 MDCCLXXJX..
2919 2957 3151 3044 itisse
3211 2962 3309 3047 in
3366 2962 3612 3073 ipsam
3680 2959 3892 3043 Serai
3934 3020 3969 3059 Ἀ

1177 3184 1185 3189 „
1251 3099 1332 3163 et
1397 3080 1488 3164 Ρ.
1551 3074 1650 3155 de
1706 3074 1782 3157 la
1845 3080 2102 3163 Torre
2164 3074 2698 3181 sententiam,
2760 3094 2843 3161 et
2901 3077 3134 3189 quasi
3199 3078 3355 3162 hoc
3422 3073 3633 3164 idem
3694 3073 3969 3157 existi

1255 3223 1533 3281 masse.
1599 3192 1711 3275 At
1775 3214 1956 3310 post
2017 3189 2222 3277 iilud
2284 3210 2662 3305 tempus,
2726 3211 2804 3274 et
2869 3194 3295 3309 praecipue
3356 3212 3537 3307 post
3624 3188 3963 3304 diligen-2

1254 3309 1558 3397 tissima
1619 3312 1974 3424 pericula
2037 3309 2164 3395 Gt.
2229 3307 2721 3395 Hamiltonis
2782 3306 3017 3419 Angli
3080 3311 3424 3423 seipsum
3466 3309 3987 3417 poenituisse

1255 3424 1478 3540 quod
1541 3426 1650 3505 ita
1716 3424 2217 3520 credidisset.
2276 3424 2493 3516 Hinc
2554 3446 2925 3511 autumat
3026 3425 3470 3506 Vesuvium
3566 3442 3784 3504 mate
3818 3425 3989 3505 rias

1253 3562 1646 3625 eructasse
1711 3573 1804 3626 ex
1845 3574 1928 3625 ea
1961 3562 2208 3655 parte,
2243 3570 2404 3655 qua
2442 3572 2757 3659 semper
2798 3539 2951 3625 fuit
2990 3570 3202 3626 usus.
3242 3542 3356 3625 At
3399 3563 3546 3650 ego
3592 3536 3981 3623 existimo

1251 3660 1526 3789 potius
1565 3721 1588 3760 ,
1657 3679 2106 3771 utrumque
2137 3680 2499 3745 montem
2542 3662 3113 3749 Sum’mensem
3158 3684 3455 3773 nempe
3490 3716 3517 3757 ‚
3598 3676 3678 3736 et
3721 3660 3981 3739 Vesus

1251 3773 1506 3909 vium,
1545 3774 1708 3857 sive
1769 3775 2018 3859 suerit
2071 3806 2283 3859 unus
2346 3808 2539 3861 cum
2576 3774 2787 3861 alio
2766 3804 2849 3859 ιιι
2918 3776 3175 3887 prima
3250 3769 3611 3857 eiusdem
3668 3772 3974 3885 origine

1254 3892 1786 3993 coniunctus,
1859 3894 2026 3975 sive
2071 3920 2234 3975 non
2302 3893 2879 4001 fuerit,1gnem
2906 3891 3370 3975 evomuisse
3426 3916 3523 3971 ex
3556 3891 3979 4001 omniqua

1253 4026 1478 4119 patet
1540 4026 1835 4120 parte:
1907 4027 2249 4120 uterque
2310 4013 2527 4093 enim
2625 4034 2908 4112 mons,
2994 4034 3624 4138 quaquaversus
3702 4005 3989 4115 ignitas

1255 4141 1659 4215 monstrat
1720 4120 1990 4207 adhuc
2050 4143 2444 4209 eructatas
2502 4120 2925 4240 quondam
2975 4123 3425 4225 materias,
3486 4121 3671 4205 sive
3708 4144 3991 4234 quaeat

1143 4350 1174 4365 χ
1249 4236 1694 4374 Vesuvio
1670 4268 1848 4356 ipso
1885 4300 1910 4347 ,
1973 4238 2140 4326 sive
2199 4268 2409 4351 quae
2472 4272 2515 4327 ι
2578 4241 3045 4340 summensi
3110 4184 3581 4337 derivaiint.
