4487 5685
1183 529 1450 642 ginem
1515 553 1611 610 ex
1671 525 1922 648 ipsius
1981 523 2305 642 Virgilii
2366 522 2845 614 auctoritate
2906 527 3092 628 AEn'.
3154 529 3298 616 xl.
3362 557 3444 619 v.
3514 532 3681 640 145
3734 537 3905 624 cui-¹

1146 645 1376 726 'dam
1441 643 1820 730 Troiano·
1859 641 2092 760 Capy
2147 643 2550 732 attribuit.
2616 652 2729 730 At
2786 642 3535 763 quomodocunque
3619 679 3748 736 res
3802 683 3895 738 se

1183 757 1427 844 habet
1454 821 1504 886 ,s
1537 759 1667 842 alii
1729 761 2209 846 recentiores
2304 763 2680 874 Capuam
2768 767 3181 848 Oscorum
3277 763 3557 848 urbem
3651 765 3899 852 fuisse

1181 875 1581 979 tradunt,
1689 881 1830 990 qui
1894 878 2288 984 originem
2352 876 2455 957 ab
2516 875 2883 962 Etruscis
2946 879 3375 962 trahebant
3413 943 3442 982 ‚
3538 900 3632 962 ut
3708 903 3899 968 ante

1181 988 1596 1097 diximus;
1657 1013 1738 1074 et
1798 1021 1923 1077 res
1982 991 2283 1074 isthaec
2344 1019 2491 1106 per
2552 1019 2633 1074 se
2692 987 3197 1108 probabilior
3286 1015 3403 1076 est
3437 1057 3468 1098 ,
3539 1026 3730 1080 cum
3792 1025 3893 1080 ex

1179 1099 1422 1191 Livio
1483 1128 2000 1224 compertum
2063 1109 2164 1190 sit
2223 1106 2732 1197 libaexxtv.
2798 1135 2869 1194 c.
2946 1135 3073 1213 19,
3112 1111 3721 1195 Medituxtieuin
3764 1109 3907 1228 (1)

1175 1218 1674 1338 appellatum
1772 1225 2013 1311 fuisse
2095 1227 2549 1322 ‘summum'
2584 1225 3203 1340 Campanorum
3306 1227 3893 1337 magistratum.

1149 1336 1644 1454 ‘Campanos
1703 1339 2046 1425 eosdem'
2093 1357 2213 1426 'ac
2274 1345 2533 1430 Oscos
2596 1343 2839 1428 fuisse
2898 1367 3369 1455 persuasum
3433 1361 3549 1424 est
3650 1338 3903 1432 etiam

1183 1455 1384 1542 Silio
1445 1455 1591 1541 lib.
1649 1457 1852 1544 XIV
1919 1480 2137 1541 cum·
2180 1458 2463 1546 canite
2734 1493 2743 1504 ·

1301 1609 1324 1656 e
1451 1634 1475 1655 .
1600 1637 1619 1656 .
1741 1635 1762 1656 .
1887 1635 1908 1656 .
2133 1576 2347 1662 Osco
2417 1577 2952 1665 memorabilis
3004 1599 3209 1665 ortu.

1415 1689 1952 1774 Mamertinos
2013 1691 2363 1779 innuens
2422 1691 2937 1812 Campanos,
3032 1695 3176 1810 qui
3266 1689 3483 1772 illam
3574 1687 3907 1774 sceleste

1119 1813 1124 1820 ’
1183 1817 1694 1922 occuparunt
1737 1867 1768 1908 ,
1837 1807 1986 1919 qni
2047 1807 2198 1892 sub
2260 1809 2714 1926 Opicorum
2774 1835 3107 1926 quoqne
3146 1810 3475 1893 nomine
3514 1806 3595 1887 in
3656 1809 3908 1889 Cam*-

1179 1923 1422 2034 pania
1484 1921 1611 2002 siti
1653 1983 1684 2025 ,
1753 1920 2000 2006 iidem
2097 1945 2218 2006 ac·
2273 1927 2465 2010 Osci
2521 1925 2774 2011 fuere.
2841 1926 2929 2010 ln
3000 1923 3349 2020 eandem
3441 1921 3920 2004 sententiam

1179 2036 1684 2121 it·Cluel-ius
1721 2106 1749 2146 ,
1845 2041 1987 2152 qui
2093 2037 2559 2158 Campanos
2609 2041 2897 2126 ‘fuisse
2924 2051 2950 2069 ”
2998 2041 3252 2126 Oscos
3306 2065 3407 2122 ex
3472 2039 3905 2120 Samnitica

1181 2149 1441 2235 credit
1505 2154 1865 2264 origine,
1933 2153 2060 2239 ·de
2145 2160 2447 2272 quibus
2512 2177 2853 2242 testatur
2910 2155 3195 2241 Livius
3256 2153 3397 2237 lib.
3472 2153 3619 2238 lV.
3718 2183 3786 2235 c.
3850 2181 3907 2265 9

1183 2265 1748 2352 fraudulenter
1829 2269 2196 2384 Capuam
2296 2274 2399 2358 ab
2490 2275 2855 2361 Etruscis
2946 2291 3417 2386 occupatam
3514 2269 3608 2352 C.
3700 2271 3925 2362 Sem.-
4054 2300 4063 2314 ·

1181 2386 1536 2496 pron10,
1599 2405 1680 2468 et
1741 2391 1848 2496 Q.
1913 2389 2167 2473 Fabio
2228 2389 2649 2475 Vibulano
2708 2389 2936 2476 Coss.
3024 2389 3247 2504 quod
3333 2383 3629 2469 accidit
3684 2411 3908 2466 anno

1171 2497 1301 2584 “V.
1359 2501 1453 2581 C.
1521 2498 2008 2584 CCCXXX.
2067 2508 2287 2583 Hinc
2345 2509 2459 2579 ait
2548 2505 2922 2582 laudatus
3014 2506 3392 2583 Cluerius
3478 2503 3647 2583 Ital.
3718 2503 3917 2580 Ant.

1179 2613 1323 2696 lib.
1387 2609 1536 2725 115.
1605 2637 1674 2694 c.
1734 2641 1791 2722 9
1857 2617 2245 2724 Campam·
2302 2617 2411 2694 ab
2488 2611 2980 2696 Samnitibus
3040 2625 3195 2696 orti
3272 2617 3463 2698 illud
3571 2617 3921 2700 habuere

1189 2729 1648 2814 vocabulum
1707 2727 2383 2840 '‘Medimxticus‚
2447 2727 2941 2806 Samnitium
3031 2755 3224 2806 vero
3308 2727 3667 2835 linguam
3742 2733 3932 2812 ean·-

1189 2846 1372 2934 dem
1439 2875 1532 2926 ac
1593 2837 2205 2948 Oscam'ssuisse
2266 2835 2545 2953 prodit
2611 2835 2899 2921 Livius
2952 2835 3092 2921 lib.
3158 2844 3258 2925 X.
3322 2870 3393 2924 c.
3464 2868 3597 2924 20.
3710 2844 3930 2927 Cum

1189 2965 1408 3047 enim
1503 2959 1940 3039 narmsset'
1983 2956 2463 3041 Romanum
2558 2954 3007 3037 Consulem
3070 2958 3164 3039 L.
3230 2956 3775 3039 Volumnium
3840 2985 3935 3039 ex
4011 2996 4020 3003 ·

1187 3076 1586 3163 'condicto
1647 3070 2056 3187 quosdam
2115 3074 2663 3187 exploratores
2727 3069 2941 3189 illius
3030 3072 3350 3182 linguae
3452 3074 3754 3184 peritos
3814 3072 3941 3155 ars

1205 3196 1648 3289 exercitum
1749 3188 2056 3273 misisse
2123 3189 2675 3275 ‘Samniticum
2716 3248 2739 3291 ,
2840 3186 2987 3300 qui
3046 3186 3485 3273 Falernum
3551 3216 3937 3301 campum

1199 3304 1636 3425 populatus
1699 3316 1922 3410 erat,
1985 3307 2099 3389 ait
2155 3300 2557 3421 quosdam
2619 3334 2911 3417 gnaros
2990 3303 3257 3391 Oscae
3302 3308 3620 3419 tinguae
3656 3310 3930 3420 explo-

1201 3440 1469 3539 ratum
1523 3421 1716 3537 quid
1761 3440 2096 3537 agatur,
2155 3422 2475 3508 misisse.

1431 3534 1867 3654 Capuam,
1967 3560 2048 3623 et
2129 3536 2635 3650 Campanam
2728 3534 3131 3649 regionem
3198 3537 3277 3619 in
3368 3533 3912 3623 Etruscorum

1201 3674 1678 3771 potestatem
1735 3654 2142 3741 redactam
2179 3716 2204 3763 ‚
2263 3656 2622 3763 linguam
2662 3716 2690 3756 ,
2748 3654 3241 3767 illorumque
3281 3682 3547 3739 mores
3586 3686 3918 3739 conser-

1203 3802 1427 3857 vasse
1487 3772 1700 3855 fama
1763 3794 1880 3857 est
1959 3774 2270 3874 etiam,
2330 3800 2519 3857 cum
2614 3770 2697 3855 iu
2794 3774 3365 3857 Romanorum
3454 3773 3924 3857 inciderunt

1138 3920 1150 3931 ·
1203 3918 1493 3972 manus
1529 3951 1558 3992 ,
1613 3916 1826 3971 cum
1891 3887 2232 3988 adhue,
2324 3906 2403 3969 et
2483 3884 2843 3971 multum
2908 3908 3088 3999 post
3182 3908 3503 4000 tempus
3596 3906 3675 3971 et
3736 3884 3922 3969 ludi

1205 4004 1430 4111 Osci,
1495 4005 2077 4119 Atellanaeque
2119 4000 2457 4087 fabulae
2514 4003 2597 4085 in
2662 4030 2893 4086 more
2954 4000 3257 4085 fuerint
3318 4002 3658 4118 positae,
3722 4024 3935 4117 pose·

1206 4142 1458 4257 ‚quam
1517 4151 1708 4236 gens
1759 4122 1890 4209 illa
1957 4118 2505 4237 penitus-fato
2568 4118 2834 4203 fuerat
2900 4115 3277 4207 extincta.
3366 4134 3373 4143 ·
3732 4137 3793 4149 ··

1409 4432 1481 4527 (1
1579 4428 2089 4503 Medituxticus
2173 4428 2317 4501 fuit
2366 4424 2599 4498 Oscae
2664 4428 2899 4531 gentis
2980 4450 3308 4501 summus
3388 4433 3918 4531 magistratus,

1193 4531 1332 4637 'qui
1383 4560 1422 4610 a
1509 4530 1876 4705 gri-lienis
1925 4530 2066 4602 fuit
2116 4525 2352 4602 dictus
2404 4528 2729 4617 Mer-riss,
2780 4541 2853 4601 et
2906 4522 3227 4613 Tubtilrs,
3274 4528 3366 4600 At
3421 4528 3725 4624 ‚Ignari-a
3784 4522 3914 4607 Pass

1203 4619 1458 4709 hestia
1583 4639 1966 4729 eap.‘pag.
2021 4626 2165 4717 264
2205 4652 2297 4701 ex
2326 4622 2565 4702 tabula
2598 4649 2989 4701 marmorea
3022 4623 3447 4699 Herculanei
3482 4626 3783 4715 detecta,
3826 4652 3925 4701 asr-

1209 4732 1380 4812 nerit
1404 4730 1547 4823 ‚ho‘c
1577 4742 1847 4807 nomen
1873 4728 2449 4809 Medituxticism
2485 4728 2835 4842 seriptum
2864 4752 3010 4803 esse
3034 4717 3599 4805 MERmss'rU
3612 4720 3923 4814 5T1K3.
