4487 5685
1145 2 1262 39 -ῡ--τ
1316 32 1319 37 .

1912 434 1921 447 .
2303 412 2312 419 ·
2399 424 2406 433 ·
3159 388 3248 461 tt

480 512 485 517 ·
564 472 699 577 Cl.
768 477 1137 577 Tenatio
1173 534 1201 590 ,-
1258 486 1405 605 qui
1466 470 1745 579 Caroli
1804 486 1953 578 ΠΙ.
2016 486 2756 603 Neapolitanorum
2823 508 3024 575 tune
3083 398 3330 602 Regis

574 606 799 691 iussu
858 603 1275 693 XVViros
1334 605 1629 719 delegit
1664 607 1923 712 ,omni
1982 606 2398 721 praeditos
2489 604 2954 691 eruditione
2991 666 3024 710 ,
3121 606 3333 691 anti-
3423 694 3440 701 ,

572 748 1097 839 quorumque
1186 724 1685 837 scriptorum
1766 725 2117 811 lectione
2202 722 2672 809 exercitatos
2707 782 2740 825 ,
2827 750 3000 839 quo
3097 746 3348 807 omne

560 864 823 945 genus
913 859 1187 923 vetera
1278 858 1817 923 monumenta
1915 842 2005 926 in
2102 836 2368 953 opidis
2431 838 2720 923 effossa
2781 836 3327 925 enuclearent.-

572 948 909 1043 Horum
966 982 1159 1039 vero
1218 957 1595 1041 omnium
1684 956 2213 1039 immensam-
2269 951 2860 1041 Collectionem
2937 951 3331 1070 temporie

570 1096 995 1184 progressu
1091 1070 1657 1157 Ferdiuandus
1750 1071 1817 1158 l.
1880 1073 2053 1159 eius
2150 1068 2366 1155 filius
2460 1068 2918 1157 Siciliarum
2995 1074 3178 1157 Rex
3237 1070 3324 1153 in

573 1216 837 1271 unum
922 1213 1223 1299 eorpus
1311 1184 1685 1299 redegit,
1782 1191 2004 1273 etin
2066 1190 2363 1275 Museo
2458 1184 2876 1273 Borbouio
2965 1183 3322 1301 Neapoli

578 1323 845 1387 erecto
905 1302 1375 1413 ponendam
1434 1304 1775 1389 curavit.
2583 1394 2588 1399 ,
3263 1388 3270 1395 ,

802 1416 1050 1503 Haud
1112 1420 1441 1505 interim
1500 1442 1789 1507 nostra·
1836 1422 2173 1509 interest
2247 1416 2568 1539 singula
2625 1420 2924 1507 isthaec
3020 1418 3790 1507 monn-⁸⁸⁸⁸W‘n‘f‘*

578 1557 853 1621 menta
948 1534 1455 1644 describere,
1543 1566 1737 1623 cum
1803 1541 1969 1624 iam
2028 1536 2370 1655 quidam
2433 1538 2660 1629 docti
2751 1536 3126 1625 homiues
3187 1539 3324 1625 vix

573 1650 1023 1739 eorundem
1118 1652 1571 1767 catalogum
1672 1656 2121 1743 exscribere
2206 1656 2653 1773 potuerint.
2749 1652 2926 1741 Nos
3021 1654 3324 1771 raptim

576 1767 979 1884 quaedam
1048 1772 1525 1888 pretiosiora
1585 1772 2256 1859 memorabimus.
2357 1870 2360 1873 ,

448 1978 455 1985 ,
806 1886 1183 1975 Primum
1236 1887 1619 1977 omnium
1678 1920 1971 1976 aeneae
2030 1908 2352 1975 statuae
2405 1904 2534 1973 tot
2592 1917 2686 1973 ac
2789 1906 3064 1972 tantae
3141 1909 3342 1973 sunt

570 2000 657 2085 in
718 2000 961 2089 huius
1024 2006 1287 2095 Musei
1336 2002 1681 2119 ‘aedibus
1710 2070 1743 2113 ,
1816 2012 2075 2123 eaque
2134 2002 2528 2121 mirandis
2640 2003 2922 2119 figuris
3013 2005 3128 2089 ita
3190 2034 3327 2089 ex-

569 2148 883 2231 pressae
924 2183 953 2223 ,
1014 2142 1107 2209 ut
1166 2123 1368 2243 nihil
1432 2153 1679 2239 supra
1730 2122 1903 2210 dici
1968 2116 2246 2241 possitss
2349 2114 2554 2210 Prae
2613 2112 2904 2208 ceteris
2998 2112 3333 2209 Mercu·

572 2229 743 2317 rius
786 2296 815 2335 ,
876 2236 1253 2349 Iupiter,
1320 2240 1491 2335 duo
1550 2242 2052 2345 luctatores,
2112 2236 2498 2327 nonnulli
2557 2238 3322 2353 gladiatores3Fau·

574 2376 739 2431 nus
780 2347 1067 2434 ebrius
1106 2412 1135 2453 ,
1221 2356 1369 2467 qui
1428 2380 1671 2465 super
1724 2354 1897 2435 vini
1991 2376 2264 2439 utrem
2353 2353 2580 2437 sedet
2611 2414 2642 2455 ,
2730 2354 3074 2471 qnidam
3163 2356 3333 2441 Ro·

576 2462 801 2547 mani
846 2462 1291 2550 Consules
1352 2496 1451 2551 ex
1508 2464 1803 2551 eodem
1876 2465 2270 2570 metallo,
2335 2468 2538 2581 quin
2607 2498 2708 2551 ue
2793 2470 3240 2553 saltatrices
3301 2520 3330 2571 ‚-

572 2581 851 2695 plures
911 2580 1353 2689 hominum
1414 2582 1760 2684 trunci,
1819 2581 1962 2699 qui
2025 2579 2504 2698 philosophi
2528 2496 2764 2668 iiiive
2819 2584 3330 2698 antiquitatis

576 2720 747 2781 esse
804 2696 959 2784 viri
1058 2697 1645 2783 existimantur.
1732 2700 1832 2783 In
1894 2696 2071 2782 aliis
2128 2697 2470 2784 cameris
2529 2696 2758 2807 adest
2839 2724 2968 2785 ma
3029 2730 3128 2787 ua
3229 2716 3334 2786 ex‘

584 2830 915 2925 argento
954 2877 979 2920 ,
1042 2834 1387 2932 aereque
1446 2830 1833 2904 vasorum
1897 2810 2181 2934 copia3
2240 2834 2494 2902 urnae
2553 2732 3100 2932 sepulchrales
3146 2882 3174 2924 ,
3241 2838 3325 2902 et

578 2959 761 3014 vasa
815 2931 1121 3022 fictilia.
1184 2931 1524 3020 Adhaec
1588 2959 1723 3018 ara
1816 2939 2064 3020 aenea
2124 2958 2320 3021 eum
2407 2929 2598 3018 sella
2659 2935 2990 3037 curuli,
3079 2957 3160 3022 et
3215 2933 3326 3020 le-

578 3046 1091 3136 ctisternium
1154 3069 1349 3138 cum
1408 3049 1787 3166 pluribus
1840 3050 1949 3137 ad
2010 3047 2406 3138 sacrificia
2468 3048 3034 3138 instrumentis
3095 3083 3324 3141 com-

576 3167 911 3276 paratis,
976 3169 1313 3253 Adhaee
1372 3167 1723 3285 plurima
1767 3165 2115 3257 deorum
2154 3196 2406 3284 parva
2441 3165 2869 3254 simulacra
2904 3233 2934 3272 ,
2981 3190 3060 3256 et
3085 3200 3323 3258 amu-

574 3281 733 3366 leta
796 3314 889 3368 ex
955 3285 1287 3400 privatis
1350 3283 1681 3370 urbium
1748 3281 2135 3372 domibus
2200 3282 2648 3372 eruderata.
2744 3285 2968 3370 Inter
3059 3309 3324 3374 cetera
3448 3302 3468 3318 ·

572 3401 905 3516 Priapi,
980 3403 1327 3488 Veneris
1368 3465 1393 3510 ,
1454 3401 1969 3520 aliorumque
2028 3404 2470 3490 numinum
2533 3397 2892 3516 figurae,
3022 3427 3322 3491 uorum

576 3519 834 3602 cultui
895 3517 1426 3604 addictissimi
1484 3539 1787 3604 veteres
1848 3521 2077 3606 fuere
2124 3587 2157 3628 ,
2245 3538 2325 3606 et
2417 3519 2854 3634 praecipue
2918 3435 3320 3607 &ercula-

576 3659 917 3737 nenses,
982 3637 1125 3748 qui
1211 3635 1459 3720 hosce
1543 3631 1739 3716 deos
1800 3636 2049 3718 veluti
2108 3654 2500 3748 patronos
2561 3654 2642 3716 et
2705 3633 3092 3722 tutelares
3182 3665 3314 3724 co·

578 3743 825 3836 luere·

814 3867 942 3952 De
1000 3855 1597 3972 instrumentis·
1658 3851 2071 3951 culinariis
2126 3861 2332 3950 nihil
2428 3881 2548 3950 est
2607 3865 2838 3981 quod
2925 3864 3228 3954 addam
3290 3931 3318 3973 ,
3383 3897 3746 3980 rusa-‚mgna

578 3979 885 4096 quippe
952 4013 1147 4070 cum
1204 3983 1589 4101 pleraque
1648 3973 2015 4068 visantur
2053 4043 2079 4088 ,
2138 4001 2220 4066 et
2276 3980 2408 4068 illa
2468 4001 2688 4068 recte
2747 3983 3184 4070 efformata
3217 3987 3320 4074 ad
3413 3968 3696 4026 ‘'dmm“

576 4099 893 4184 culinae
953 4131 1197 4186 usum
1236 4165 1267 4208 ,
1338 4127 1595 4218 eaque
1656 4097 1991 4184 diversis
2051 4097 2340 4187 formis
2375 4157 2404 4205 ,-
2467 4099 2708 4184 variis
2769 4097 3056 4213 figuris
3093 4164 3116 4210 ‚
3181 4133 3319 4194 va·

582 4214 883 4333 riisque
942 4219 1219 4306 usibus
1278 4219 1385 4304 ita
1450 4233 1781 4334 aptata,
1842 4234 1934 4298 ut
1994 4217 2510 4332 antiquitatis
2571 4217 2918 4303 curiosis
2983 4249 3106 4304 res
3149 4241 3319 4308 cer·

581 4349 661 4415 te
716 4353 1083 4448 spectatu
1146 4335 1437 4457 dignae
1502 4339 1689 4422 sint.
1756 4329 2193 4450 Quidquid
2249 4365 2452 4450 vero·
2505 4333 2610 4448 ad
2641 4331 2950 4420 victum
3019 4352 3138 4422 est·
3176 4365 3319 4422 ne·

586 4453 1063 4557 cessarium,
1104 4449 1285 4538 heic
1348 4457 1595 4544 etiam
1627 4435 2057 4567 reperitur·
2126 4443 2252 4538 Ex
2315 4449 2990 4540 effossioneinter
3047 4467 3314 4538 cetera

580 4587 1025 4658 exstractus
1084 4590 1209 4658 est
1269 4574 1501 4686 panis
1560 4565 1911 4658 rotunda
1976 4566 2276 4669 forma,
2299 4566 2676 4684 quamvis
2739 4599 2964 4654 nunc
3015 4568 3314 4654 semiu-

584 4708 807 4794 stus,
868 4708 1115 4804 atque
1172 4684 1653 4778 durefactus
1702 4705 2063 4802 apparet.
2124 4683 2566 4801 Quaedam
2623 4687 2855 4800 panis
2893 4685 3160 4771 forma
3197 4707 3316 4764 ro-
