4487 5685
3160 395 3318 476 109

567 525 760 586 eum
811 491 1186 610 quidam
1246 483 1640 604 lapicidae
1705 480 2032 570 aedium
2129 477 2671 570 fundamenta
2764 485 2986 602 apud
3056 485 3375 574 Porti-.

569 647 892 704 oensem
969 609 1242 694 villam
1269 605 1700 692 Elboviani
1747 599 2200 716 Principis,
2262 597 2505 714 vulgo
2578 599 2667 683 d·
2702 599 3109 709 Elboeuf
3127 603 3325 691 Em·

577 733 972 820 manuelis
1025 722 1390 814 mauritii
1459 719 1562 804 de
1621 715 2162 830 Lotharingia
2221 716 2580 801 iacerent
2614 779 2649 822 ,
2748 716 3169 805 fortunate
3231 748 3328 802 ex

579 877 776 936 aere
839 865 1208 944 statuas,
1280 839 1778 946 numismata
1819 895 1848 938 ,
1933 829 2255 947 aliaque
2331 833 2419 914 id
2498 861 2753 944 genus
2854 833 3241 918 invenere
3288 895 3323 938 ,

513 1029 518 1034 .
575 993 804 1084 quae
881 961 1163 1051 omnia
1243 955 1280 1074 (
1351 982 1548 1039 cum
1619 950 1894 1032 adhuc
1963 949 2275 1030 incerta
2331 975 2455 1030 res
2516 971 2719 1034 esset
2780 947 2823 1067 >
2885 951 2991 1036 ad
3076 951 3333 1064 Euge·

577 1084 827 1168 nium
896 1087 1497 1192 Imperatorem
1567 1061 2160 1146 vindobonam
2194 1060 2423 1147 dono
2458 1064 2684 1146 misit
2717 1065 2887 1180 ipse
2926 1068 3340 1184 Princeps.

821 1179 1136 1280 Verum
1211 1177 1672 1274 effossionis
1741 1207 1952 1292 opus
2022 1179 2489 1290 neglectum
2566 1208 2823 1296 usque
2900 1213 2997 1272 eo
3090 1183 3249 1267 tuit
3286 1247 3318 1294 ,
3369 1249 3803 1308 mustum·

543 1310 850 1400 ·donec
917 1301 1266 1395 Carolus
1341 1299 1494 1396 111·
1548 1295 2020 1388 Borbonius
2058 1293 2647 1410 Hispaniarum
2682 1305 2854 1382 hex
2890 1321 3089 1384 tunc
3122 1304 3337 1390 Nea«.
3372 1337 3457 1382 ωι-
3490 1321 3775 1400 praecipit.

541 1471 563 1492 ·-
592 1425 1053 1544 politanum
1121 1419 1646 1506 administras
1721 1440 2067 1524 regnum
2107 1470 2138 1513 ,
2231 1431 2329 1495 ut
2401 1427 2585 1497 toto
2673 1440 2983 1502 conatu
3054 1415 3343 1505 darent

593 1571 934 1658 operam
1003 1539 1194 1628 urbi
1271 1528 1788 1624 effodiendae
1857 1524 2293 1644 praecepit.
2372 1525 2640 1640 Quod
2732 1561 2923 1618 cum
3010 1533 3347 1622 calidius

584 1675 1058 1773 pergeretur
1093 1718 1120 1763 ‚
1183 1651 1484 1738 accidit
1518 1709 1544 1758 ‚
1601 1667 1698 1735 ut
1778 1640 2170 1758 lapicidae
2248 1639 2477 1730 urbis
2550 1645 2827 1732 solum
2890 1647 2997 1736 ad
3096 1653 3341 1770 quin.

583 1775 970 1887 quaginta
1053 1771 1424 1890 quinque
1485 1763 2044 1878 comperirent
2125 1757 2373 1874 pedes
2410 1822 2441 1866 ‚
2538 1759 2625 1844 in
2714 1763 2949 1852 cuius
3044 1770 3353 1864 vertice

591 1888 1090 1977 Porticensis
1123 1950 1154 1993 ,
1235 1905 1316 1972 et
1390 1877 1846 1970 Retinensis
1916 1875 2142 1962 vicus
2213 1895 2386 1959 erat
2452 1881 2658 1966 situs
2725 1883 3191 1972 Vesuvium
3224 1889 3347 1972 in-

592 2024 784 2112 ter,
850 2023 938 2089 et
987 2029 1240 2094 mare.
1309 2001 1426 2090 At
1487 2023 1660 2116 quo
1725 1994 2064 2082 nomine
2117 1987 2315 2077 urba
2376 2016 2580 2082 esset
2619 1991 3001 2100 donanda
3046 2000 3097 2112 ,'
3139 2005 3351 2089 Her·-

585 2121 1021 2212 culaneum
1110 2141 1454 2232 utrum,
1543 2143 1648 2199 an
1731 2108 2172 2234 Pompeii,
2268 2113 2673 2220 eruditos.
2737 2113 2953 2200 inter
3056 2147 3351 2234 magua

585 2257 874 2326 exorta
929 2234 1384 2325 contentio.
1457 2231 1806 2318 Verum⁴
1851 2241 2240 2342 pergente
2306 2245 2681 2346 tempore
2758 2227 3083 2320 sactum
3155 2257 3274 2322 est
3306 2300 3341 2344 ,

580 2373 677 2438 ut
729 2369 816 2440 et
894 2347 1090 2440 urbs
1152 2347 1772 2438 Herculaneum
1807 2363 2012 2424 eseet
2051 2403 2082 2442 ,
2157 2356 2240 2419 et
2276 2369 2443 2429 non
2477 2345 2656 2428 alia.
2698 2347 3049 2462 Lapides
3080 2355 3344 2460 enim,

587 2488 670 2551 et
739 2486 1110 2571 statuae,
1179 2463 1502 2578 aliaque
1565 2453 1923 2570 opidum
2009 2449 2277 2538 dubio
2369 2459 2671 2571 procul
2734 2459 3349 2552 Herculaneum

590 2609 764 2672 esse
829 2577 1334 2668 indicabant.
1421 2573 1652 2662 Inter
1735 2587 2008 2654 cetera
2073 2557 2546 2658 eruderatae
2613 2571 2844 2658 fuere
2918 2572 3127 2660 dnae
3204 2601 3351 2682 sta-

590 2717 785 2786 tuae
851 2717 1266 2816 equestres
1325 2687 1589 2778 Marci
1649 2686 1912 2772 Nonii
1964 2684 2265 2802 patriS,
2333 2683 2653 2806 filiique
2686 2749 2715 2796 ,
2784 2717 2989 2804 quas
3050 2697 3355 2784 Hereu-

595 2815 966 2903 ianenaes
1036 2813 1236 2901 olim
1321 2811 1414 2897 in
1473 2805 1664 2896 foro
1721 2800 1920 2917 ipsis
1988 2797 2527 2911 dedicerant3
2620 2803 2907 2893 subtus
2998 2833 3171 2897 erat
3229 2815 3362 2901 in-

603 2928 1018 3044 sculptum
1055 2960 1078 3012 z
1141 2926 1464 3015 Marco
1514 2920 1810 3013 Nonio
1848 2918 2094 3011 Balbi
2115 2917 2332 3031 filio
2376 2928 3071 3012 Herculanenses
3104 2930 3211 3015 P.
3240 2932 3347 3016 P.

597 3044 1024 3135 Praedicta
1091 3046 1314 3159 signa
1357 3040 1734 3131 homines
1769 3054 2381 3157 repraesentant
2414 3062 2727 3155 togatos
2764 3070 3010 3155 super
3040 3064 3351 3160 equum

591 3160 980 3247 sedentes
1057 3190 1154 3247 ex
1211 3188 1624 3247 marmore
1681 3154 2098 3277 scalptos,
2159 3183 2369 3271 quae
2424 3160 2729 3271 integra
2825 3187 2870 3239 e
2936 3179 3139 3245 terra
3220 3192 3356 3249 ex·-
3407 3270 3415 3275 .

557 3296 856 3363 -tracta
947 3277 1034 3361 in
1107 3277 1542 3389 Regiarum
1607 3272 1938 3363 aedium
2001 3280 2429 3395 quondam
2490 3274 2711 3391 apud
2770 3272 3193 3363 Porticum
3273 3308 3359 3363 a·

587 3397 758 3479 trio
833 3394 1400 3509 .adsurgebant
1441 3456 1474 3501 ,
1593 3420 1818 3483 nuno
1895 3395 1984 3479 in
2069 3395 2615 3513 Neapolitano
2695 3413 2971 3479 extant
3068 3396 3373 3493 Museo

525 3530 536 3539 ⁵
601 3510 1056 3601 Borbonioo
3292 3562 3300 3569 ·

837 3622 1026 3705 Alia
1083 3654 1210 3709 res
1273 3642 1642 3739 spectatu
1696 3625 1940 3737 digna
1977 3648 2096 3711 est
2133 3630 2597 3715 Theatrum
2632 3630 2903 3714 adhuc
2944 3629 3356 3743 integrum
3432 3616 3749 3712 maran.

609 3736 696 3821 in
766 3736 1336 3827 subterraneis.
1409 3740 1596 3827 Hoc
1653 3742 1874 3832 enim
1933 3739 2148 3829 sicut
2209 3764 2471 3829 cetera
2532 3778 2575 3829 a
2611 3745 2948 3831 Graecis
2989 3746 3127 3861 (1)
3168 3776 3363 3832 con-

618 3984 3361 4031 m

809 4148 926 4253 (1)
977 4143 1384 4225 Theatrum
1431 4150 1572 4228 hoc
1623 4152 1936 4231 Graecae
1987 4152 2210 4231 instar
2261 4157 2433 4233 artis
2484 4158 3041 4235 architectonice
3097 4158 3360 4237 condi·-

603 4258 764 4324 tum
812 4250 1032 4323 fuisse
1083 4250 1508 4326 crediderim
1561 4255 1825 4354 triplici
1876 4256 2158 4331 ratione
2201 4282 2220 4332 ε
2278 4260 2642 4357 primum,
2700 4260 2875 4359 quia
2928 4260 3175 4337 sedilia
3205 4286 3357 4338 nou

597 4358 772 4421 suat
821 4348 1184 4433 disiuncta
1236 4379 1276 4427 a
1328 4353 1700 4446 sceleriis,
1753 4372 1836 4430 ut
1885 4354 2084 4457 apud
2135 4356 2501 4433 Romanos
2534 4412 2555 4447 ‚
2613 4388 2695 4436 ac
2748 4360 3049 4460 proinde
3099 4362 3350 4439 sedilia

597 4444 750 4545 ipsa
805 4463 976 4523 sunt
1028 4452 1274 4524 omnia
1327 4450 1651 4529 eiusdem
1703 4454 1998 4530 formae.
2047 4454 2293 4533 Altera
2348 4484 2554 4534 causa
2594 4472 2725 4557 est,
2768 4462 2945 4561 quia
2980 4488 3128 4565 quo
3165 4478 3347 4539 tem-

601 4570 778 4643 pere
829 4548 966 4627 hoe
1019 4546 1417 4627 Theatrum
1495 4572 1606 4629 est
1657 4574 2134 4649 excavatum,
2187 4580 2443 4657 magna
2536 4558 2899 4661 lignorum
2984 4577 3213 4639 strues
3282 4560 3361 4633 in

545 4720 551 4724 .
598 4642 912 4729 «intrem
963 4674 1186 4755 prope
1236 4660 1574 4739 conversa
1624 4672 1792 4741 ente
1843 4658 2288 4765 orchestram
2336 4656 2478 4744 fuit
2554 4678 2831 4777 reperta
2878 4716 2903 4757 ‚
3002 4682 3188 4763 quae
3273 4660 3355 4733 in

3359 1177 3585 1236 camin·
3610 1179 3719 1234 m.
3744 1189 3805 1233 ut
3893 1159 3903 1168 '
