4487 5685
3215 334 3366 401 211

625 442 983 539 carnut,
1050 427 1171 513 uti
1230 426 1661 543 praecipue
1714 424 1993 528 lucta,
2066 424 2428 537 pugilatu
2469 483 2500 525 ,
2567 448 2814 505 cursu
2849 484 2882 527 ,
2951 424 3152 509 saltu
3203 489 3232 528 ‚
3297 448 3376 515 et

628 551 870 645 disco
907 576 929 628 >z
998 545 1221 631 unde
1278 545 1715 631 luctatores
1747 588 1779 648 5
1850 540 2161 653 pugiles
2201 600 2227 639 ‚
2293 566 2656 623 cursores
2695 598 2718 645 ,
2783 538 3219 648 saltatores,
3288 564 3369 627 et

640 662 1049 752 discobuli
1110 662 1355 775 vulgo
1416 660 1640 745 dicti.
1706 656 2067 770 Quidam
2158 654 2662 739 arbitrantur
2751 648 3056 770 duplex
3153 660 3374 771 apud

636 779 1229 897 Neapolitanos
1292 779 1812 865 pancratium
1879 775 2189 877 fuisse,
2279 769 2632 857 alterum
2719 800 2819 855 ex
2909 771 3193 877 lucta,
3301 794 3382 859 et

638 900 1081 1015 pugilatu3
1142 896 1489 981 alterum
1552 894 2141 978 volutatorium
2181 950 2201 991 ‚
2263 908 2346 973 et
2405 891 2672 975 luctae
2733 892 3078 1001 speciem
3141 919 3378 1001 prae·-

636 1016 1007 1099 seferens.
1076 1012 1203 1095 De
1261 1009 1477 1095 bisce
1538 1011 1749 1095 ludis
1834 1005 2306 1095 consulatur
2403 1004 2915 1091 doctissimus
2999 1004 3376 1089 Potterus

642 1128 1183 1239 Archaeolog.
1254 1128 1543 1213 GracC.
1608 1128 1751 1213 lib·
1816 1126 1920 1208 lt.
1980 1154 2057 1207 c·
2118 1148 2219 1209 21
2287 1142 2372 1207 et
2424 1148 2650 1239 seqq.
2715 1140 2796 1205 et
2886 1120 3373 1209 Lambertus

637 1250 806 1335 Bos
871 1247 1225 1359 Antiqq.
1280 1232 1573 1329 Graec.
1647 1245 1779 1331 lib.
1851 1243 1911 1324 Ι.
1982 1270 2044 1324 c.
2120 1266 2246 1349 17.
3302 1329 3312 1339 ,

870 1357 1127 1445 Ludis
1189 1360 1769 1469 Augustalibus
1834 1358 2074 1441 etiam
2132 1352 2652 1471 Neapolitani
2713 1348 3369 1459 sunrdelectati,
3413 1348 3825 1479 Lfflilfffwmt

640 1475 790 1590 qui
851 1472 951 1560 ab
1012 1474 1300 1559 iisdem
1366 1477 1447 1558 in
1509 1476 1909 1563 Antonini
1976 1472 2492 1587 Imperatoris
2557 1469 2855 1555 fiebant
2887 1472 3288 1555 honorem
3336 1533 3370 1577 ‚
3621 1456 3650 1481 '⁹

640 1594 789 1705 qui
854 1590 955 1671 ab
1016 1590 1445 1677 Hadriano
1498 1592 1766 1677 fuerat
1825 1591 2282 1703 adoptatus.
2348 1586 2459 1671 Hi
2520 1586 2693 1671 ludi
2785 1587 3381 1701 Quinquentia-

648 1706 765 1790 les
819 1728 1051 1789 erant
1092 1746 1123 1806 ;
1179 1706 1515 1794 Tacitus
1578 1704 1872 1793 Anu-al.
1934 1704 2074 1793 lib.
2138 1700 2201 1789 Ι.
2245 1702 2592 1788 'eosdem
2685 1722 3274 1785 commemorat
3352 1766 3384 1811 e

650 1848 865 1934 quos
926 1844 1208 1935 postea
1268 1854 1313 1905 a
1376 1846 1659 1921 senatu
1727 1842 2017 1911 octavo
2078 1848 2412 1937 quoque
2469 1840 2686 1903 anno
2743 1818 3132 1903 celebrari
3235 1820 3394 1901 ius-

652 1966 839 2023 sum
900 1951 1075 2022 est:
1139 1936 1367 2051 qnod
1424 1935 1767 2052 quidem
1829 1938 2123 2024 accidit
2184 1935 2404 2025 AElio
2462 1932 2933 2039 Tuberone,
2985 1952 3064 2015 et
3106 1936 3193 2016 P.
3227 1936 3382 2016 Fa-

640 2049 779 2137 hio
840 2048 1069 2139 Coss.
1132 2054 1297 2170 Ipsi
1360 2060 1721 2169 primum
1787 2054 2145 2143 Puteolis
2202 2051 2472 2135 effecti
2533 2050 2686 2136 sub
2749 2048 3134 2137 Pialium
3229 2076 3380 2129 no·

641 2170 869 2251 mine
904 2224 935 2265 ο
990 2174 1185 2277 quia
1248 2167 1717 2257 Hadrianus
1778 2176 2240 2287 Imperator
2330 2166 2542 2251 Baiis
2619 2164 2736 2251 su'
2778 2192 3086 2252 remam
3149 2161 3380 2250 obiit

646 2278 870 2363 diem
905 2336 933 2379 ,
995 2280 1389 2397 cuiusque
1442 2284 1789 2362 cadaver
1848 2302 2125 2390 postea
2184 2280 2568 2371 Puteolos
2647 2310 2698 2359 a
2767 2304 3086 2365 vectum
3181 2300 3299 2365 est
3333 2340 3408 2389 ,·

650 2414 734 2479 et
790 2420 877 2473 m
938 2390 1359 2477 Ciceronis
1421 2390 1859 2478 Academia
1924 2392 2476 2495 tumulatum3
2541 2393 2964 2474 Puteolani
3023 2396 3106 2473 in
3169 2395 3376 2503 grati
3481 2446 3492 2459 ·

648 2508 901 2593 animi
954 2526 1329 2593 amorem
1384 2534 1477 2591 ea
1537 2509 1976 2611 certamina
2036 2502 2530 2608 ediderunt,
2589 2522 2668 2587 et
2759 2502 2864 2593 ab
2957 2510 3382 2595 Antonino

646 2622 1047 2711 instituta·
1114 2623 1239 2707 De
1298 2623 1513 2709 hisce
1602 2621 1819 2709 ludis
1908 2625 2071 2738 agit
2146 2622 2282 2709 cl.
2377 2620 2705 2734 Ignnrra
2801 2620 2908 2735 de
2987 2624 3380 2717 Palaestra

645 2740 993 2856 Neapol.
1060 2736 1213 2823 sub
1270 2744 1607 2825 nomine
1663 2751 1961 2846 Α’γώνοε
2007 2760 2123 2840 τῆς
2167 2752 2562 2848 βοῦὲισῖας.

876 2853 1364 2941 Edehantur
1423 2859 1757 2973 insuper
1816 2885 1887 2942 a·
1928 2862 2225 2944 nostris
2285 2855 2728 2942 maioribus
2755 2854 2934 2941 ludi
2975 2850 3358 2970 Ephebo-
3403 2861 3543 2934 2⁰³¹
3601 2861 3838 2932 ¹⁵⁹⁶*

644 2999 864 3061 rum.
929 2971 1120 3066 Hoc
1176 2975 1642 3059 certaminis
1700 2994 1947 3088 genus
2010 2973 2432 3062 eGraecia
2462 2971 2618 3070 fuit
2651 2970 3110 3060 advectum:
3143 2973 3374 3090 apud
3529 2952 3672 3000 ’ω’

634 3092 865 3206 ipsos
932 3091 1153 3174 enim
1211 3089 1569 3177 Graecos
1634 3092 1841 3174 tanti
1902 3089 2540 3178 aestimabantur
2597 3083 2682 3172 bi
2771 3089 3008 3193 ludi,
3095 3109 3190 3174 ut
3273 3092 3380 3178 ad

640 3203 1237 3322 rempublicam
1309 3233 1555 3296 nemo
1613 3207 2235 3316 admitteretur,
2299 3206 2454 3291 nisi
2521 3207 2602 3292 iu
2639 3207 2800 3291 hoe
2837 3205 3374 3320 Epheborum

650 3343 890 3426 nonu
959 3320 1303 3429 fuisset,
1372 3343 1455 3408 et
1514 3325 1669 3408 uisi
1730 3328 1852 3410 sui
1916 3322 2488 3442 experientiam
2527 3325 2760 3440 prius
2792 3323 3125 3428 fecisset.
3157 3323 3374 3410 Hinc

654 3445 738 3527 in
806 3437 1027 3524 hisce
1084 3437 1305 3530 ludis
1363 3441 1667 3554 pueri,
1730 3443 2414 3546 et-adolescentes
2446 3500 2479 3545 ,
2555 3437 2774 3526 unde
2833 3439 3158 3556 Ephebi
3197 3502 3226 3542 ,
3290 3443 3374 3524 in

646 3583 819 3638 uno
882 3553 1325 3636 manebant
1384 3557 1565 3642 loco
1622 3553 2088 3640 addiscendi
2145 3584 2413 3638 causa.
2473 3555 2694 3642 Cum
2759 3587 2954 3640 vero
3009 3555 3112 3640 ad
3195 3587 3379 3670 pro-

651 3668 1094 3752 vectiorem
1158 3666 1709 3776 pervenissent
1768 3686 2321 3768 aetatem‚·ex
2379 3665 2506 3747 his
2591 3667 3088 3756 evadebant:
3159 3671 3380 3760 unde

644 3783 869 3904 apud
938 3778 1283 3864 Latinos
1342 3778 1655 3864 dictum
1700 3813 1725 3867 ’.-
1778 3791 1909 3872 ea}
1962 3782 2312 3896 ephebis
2377 3779 2853 3870 discedere.

880 3895 1399 4011 Lampadum
1466 3895 2201 3985 luduc‹a'.Graecis
2261 3890 2606 4004 E'nmm
2655 3902 2762 3986 ab
2821 3897 3182 3988 Ellotide
3215 3904 3366 3988 vir·
3389 3937 3728 4012 maianu-
3757 3937 3836 3992 ta-

648 4019 897 4130 gine,
963 4018 1257 4130 nempe
1316 4011 1687 4121 Minerva
1749 4047 1801 4102 a
1856 4022 2039 4102 inco
2102 4019 2181 4100 in
2248 4044 2416 4130 quo
2513 4017 2986 4123 colebatur,
3061 4017 3361 4113 dictus,
3547 4009 3661 4066 ‘¹⁸⁸‘

650 4139 953 4222 Fertur
1014 4129 1484 4219 Diotimum
1546 4133 2169 4222 Atheniensium
2234 4136 2501 4220 classis
2561 4135 3064 4248 praefectum
3106 4197 3137 4240 ‚
3207 4133 3376 4222 bel-

642 4251 823 4336 lum
884 4279 1073 4336 cum
1143 4251 1433 4336 Siculis
1492 4271 1938 4363 gerentem,
2008 4249 2438 4368 Neapolim
2489 4253 2600 4344 ad
2665 4253 3219 4368 Parthenopes
3259 4285 3371 4338 se·

650 4364 1094 4481 pulchrum
1141 4431 1171 4474 „
1224 4388 1305 4451 et
1364 4367 1786 4454 oraculum
1852 4368 2466 4480 commigrasse,
2529 4370 3037 4484 peractisque
3127 4372 3370 4456 sacris

652 4484 956 4568 festum
1018 4483 1395 4570 indixisse
1432 4549 1457 4595 ‚
1516 4486 1599 4568 in
1664 4509 1831 4602 quo
1873 4488 2215 4569 juvenes
2277 4483 2586 4572 facibus
2645 4489 2992 4572 accensis
3053 4515 3378 4572 currere

652 4597 1085 4700 Ᾰιὴῲεοῑ.
1150 4601 1653 4738 Lycophrop
1718 4629 1799 4694 m
1890 4600 2340 4700 Cassandra
2437 4634 2512 4689 v.
2599 4595 2831 4774 2350
2877 4607 3378 4724 Mopsopum
