4487 5685
782 2481 1160 2555 Neapolitanae

780 2557 937 2612 urbia
970 2556 1133 2626 origo.

1242 269 1397 356 1¹86

1224 384 1493 472 tebras
1528 443 1553 490 ,
1622 379 2052 491 sontesque
2108 355 2277 461 iisse
2339 359 2444 460 in'
2510 355 3000 464 Vestis-lanis
3037 371 3218 496 (π)
3309 377 3569 462 caveis
3607 437 3642 483 ,
3733 390 3952 502 {quae

1224 497 1863 614 septentrionem
1928 484 2320 606 spectanti
2383 497 2512 582 Ex
2569 495 2930 611 antiquis
2987 493 3576 578 adnumeratur
3607 497 3954 589 Ioannes

1218 614 1594 698 villanus
1652 611 1996 696 Chron-·
2070 639 2142 696 c.
2218 635 2320 726 17
2427 638 2680 728 quem
2735 611 2994 698 secuti
3047 629 3242 695 sunt
3297 607 3782 700 sanfelicius
3817 618 3954 704 Iu-

1224 731 1410 816 nior
1466 731 1549 812 in
1612 725 1975 811 adnotat.
2040 725 2450 810 Sanfelieii
2513 729 2868 813 Senioris
2927 727 3209 814 adnota-
3287 753 3432 836 ¹7¹
3497 785 3530 832 ,
3571 729 3958 820 Gelanos

1222 848 1510 931 Giorn.
1578 845 1739 948 lv„
1794 863 1873 927 et
1932 845 2508 959 Summontius
2564 841 2706 928 tio.
2771 845 2834 928 1.
2900 875 2972 933 c.
3049 877 3182 956 ¹9»
3321 883 3328 892 ·

1316 979 1325 988 ·
1446 961 1864 1046 Nonnulla
1925 951 2089 1042 alia
2130 958 2237 1043 de
2295 957 2652 1045 Sebetho
2685 957 3194 1048 addidissem-
3229 1023 3262 1068 ,
3337 961 3566 1046 haud·
3601 964 3950 1052 nisime·

1208 1081 1401 1164 ioris
1470 1078 1867 1166 momenti
1926 1097 2654 1192 ressuperessent.
2719 1076 2961 1162 Plura
3041 1081 3108 1162 si
3171 1078 3364 1194 quis
3421 1079 3706 1194 cupit,
3813 1085 3948 1170 cl.

1202 1195 1699 1282 Vetrauium
1760 1191 1997 1278 adeat
2055 1191 2358 1282 Virum
2415 1194 2788 1308 apprime
2853 1196 3280 1281 eruditum
3345 1197 3426 1279 in
3497 1197 3940 1310 omnibus,

1198 1335 1281 1400 et
1340 1311 1841 1430 antiquitatis
1904 1313 2384 1426 praesertim
2439 1339 2639 1394 cum
2677 1310 3044 1422 Goeeae,
3093 1332 3276 1396 tum
3325 1313 3664 1400 Latinae
3693 1342 3942 1428 quam

1196 1433 1545 1516 maxime
1583 1447 2062 1511 amatorem.
2084 1426 2160 1509 Is
2196 1427 2929 1542 praeclarissimum
2967 1431 3326 1518 exaravit
3346 1459 3556 1547 opus
3583 1433 3717 1515 cui
3761 1434 3944 1517 titu-

1196 1549 1364 1632 lus:
1401 1545 1732 1630 sebethi
1760 1545 1863 1631 V
1853 1543 2199 1628 indiciae
2236 1565 2516 1629 contra
2553 1544 3162 1634 Martorellium
3202 1549 3940 1661 i'nsanientem,qui

1200 1663 1783 1778 Lycophronis
1826 1660 2390 1774 antiquissimi
2453 1684 2744 1775 poetae
2809 1664 3044 1749 nisus
3093 1665 3576 1750 auetositate
3609 1661 3714 1749 de
3747 1668 3940 1749 Par-

1204 1779 1585 1896 thenopis
1644 1777 1817 1862 fato
1882 1805 2173 1860 canens
2232 1779 2350 1864 ait
2389 1835 2416 1885 ,
2479 1775 2868 1866 (lanium
2928 1781 3286 1868 fluvium
3385 1809 3642 1895 prope
3727 1782 3937 1864 Nea·

1262 1899 1459 1980 olim
1518 1923 1739 2002 esse,
1806 1915 1887 1978 et
1948 1897 2395 1982 excurrisse
2457 1923 2715 2010 prope
2775 1895 3000 1981 urbis
3055 1896 3406 1981 moenia·
3499 1893 3946 1982 Martoret-

1196 1925 1355 2096 iius
1412 2009 1685 2095 Theca
1756 2008 2070 2094 Galam.
2140 2029 2348 2096 tom.
2419 2011 2490 2096 Ι.
2557 2035 2732 2125 pag.
2793 2009 3306 2100 168'Graeci
3371 2009 3573 2094 vatis
3659 2031 3948 2124 patro-

1202 2128 1507 2214 cinium
1566 2123 1956 2240 suscipit,
2016 2122 2627 2240 confirmatque
2687 2124 3140 2213 Sebethum
3205 2137 3638 2239 nunquam
3687 2153 3950 2239 prope

1200 2243 1631 2359 Neapolim
1691 2241 2055 2324 fluitasse
2088 2303 2123 2341 ,
2190 2259 2272 2324 et
2343 2246 2609 2354 ipsum
2671 2275 2836 2324 esse
2887 2269 3308 2354 ,aquatum
3408 2241 3946 2355 indigentissi-

1206 2392 1427 2446 mum
1482 2356 1815 2444 rivulum
1858 2413 1885 2455 ,
1948 2373 2027 2440 et
2078 2357 2483 2440 veteribus
2527 2362 2656 2440 vix
2707 2373 3016 2444 notum.

1431 2467 2017 2590 Neapolitanae
2077 2499 2273 2558 vero
2335 2469 2562 2556 urbis
2625 2475 2854 2586 origo
2917 2491 3036 2558 est
3065 2491 3240 2561 tam
3285 2471 3608 2560 vetusta
3647 2537 3672 2584 ‚
3735 2493 3828 2558 ut
3867 2475 3956 2562 in
3993 2555 4013 2568 ,

1208 2591 1673 2680 fobu-larum
1730 2585 2241 2674 obscuritate
2285 2585 2726 2702 sepeliatur
2754 2588 3288 2707 antiquitatis.
3356 2595 3698 2678 Veteres
3727 2591 3962 2678 enim
3999 2638 4021 2648 -

1212 2729 1583 2798 auctores
1646 2705 1849 2792 duas
1910 2733 2077 2790 esse
2136 2703 2528 2789 Colonias
2555 2703 2973 2820 quondam
3037 2705 3472 2818 Nea-polim
3543 2707 3956 2816 advectas,

1212 2829 1667 2917 Cumaeam-
1724 2854 1971 2908 unam
2010 2887 2041 2928 ‚
2116 2821 2480 2909 Atticam
2539 2821 2868 2909 alteram
2915 2823 3513 2935 scriptitarunt.
3579 2825 3692 2921 As
3735 2824 3966 2911 Mar-

1214 2944 1631 3053 torellius‚
1712 2938 2009 3028 Colon.
2070 2942 2340 3027 Fenic.
2407 2962 2616 3027 tom·
2699 2966 2728 3027 r
2803 2968 2983 3055 pag·
3057 2944 3169 3047 84
3235 2939 3770 3025 Phoenicium
3799 2942 3958 3059 (α)

1408 3358 1529 3453 (1)
1580 3355 1845 3455 Negsri
1892 3354 2091 3429 haud
2143 3364 2369 3451 potest
2403 3350 2594 3421 iuxta'
2633 3347 3062 3421 Vetranium
3091 3350 3160 3417 in
3191 3341 3485 3417 sebethi
3517 3346 3805 3419 viu-dic.
3873 3376 3954 3422 c.

1214 3479 1249 3547 7
1306 3456 1521 3528 huius
1574 3456 1799 3530 sontes
1852 3480 2006 3537 esse,
2050 3450 2305 3554 partim
2359 3450 2432 3520 in
2491 3448 2920 3520 Vesuvianis
2975 3444 3212 3518 caveis
3245 3498 3268 3533 ‚
3323 3444 3678 3543 partimin
3723 3444 3954 3519 Atel-

1208 3557 1313 3628 lae
1356 3612 1376 3645 ,
1432 3554 1807 3627 Suessulae
1846 3611 1866 3643 ‚
1924 3568 1997 3627 et
2083 3556 2510 3629 Acerrarum
2563 3544 2958 3647 paludibus
2992 3598 3013 3633 ‚
3111 3544 3379 3642 partim
3451 3542 3666 3615 etiam
3741 3538 3961 3643 ‘quae

1206 3654 1637 3757 proveniunt
1688 3680 1771 3727 ex
1822 3654 2118 3728 Nolanis
2150 3705 2173 3741 ‚
2230 3668 2305 3723 et
2345 3648 2724 3723 Abellanis
2774 3646 3043 3744 agris.

1410 3754 1531 3855 (α)
1580 3756 1984 3854 Antequam
2068 3749 2455 3830 videamus.
2509 3748 2859 3847 quisnam
2951 3744 3148 3819 urbis
3219 3744 3440 3819 fuerit
3521 3740 3874 3821 conditor
3933 3803 3958 3837 ‚

1212 3854 1751 3956 disquirendum
1806 3852 1968 3926 heic
2020 3870 2181 3939 est,
2238 3870 2480 3925 utrum
2533 3846 2932 3921 Phoenices
2981 3844 3156 3937 olim
3238 3844 3521 3917 Italiam
3612 3844 3967 3921 incolue-

1204 3960 1389 4037 rint„
1426 3954 1893 4029 Doctissimus
1944 3949 2340 4025 Bochartus
2397 3948 2484 4020 de
2542 3944 2798 4019 Colon.
2852 3942 3160 4045 Phaleg.
3201 3944 3331 4017 lib.
3383 3970 3409 4017 1
3461 3970 3524 4017 c.
3581 3966 3674 4041 27
3729 3950 3950 4017 etz&

1208 4056 1471 4160 aliique
1526 4056 1896 4153 scriptores
1950 4048 2151 4123 haud
2200 4048 2435 4150 ignari
2519 4044 2958 4140 Phoenices,
3017 4046 3162 4119 sive
3241 4044 3705 4117 Chananaeos
3795 4052 3965 4143 pri-

1206 4172 1405 4230 mum
1459 4154 1821 4255 Europam
1858 4204 1880 4238 ,
1938 4150 2105 4223 inde
2158 4144 2391 4247 partes
2445 4146 2613 4220 alias
2647 4203 2667 4237 ,
2726 4166 2798 4220 et
2822 4144 3200 4246 praecipue
3235 4160 3559 4217 nostram·
3593 4142 3967 4221 incoluis-

1206 4276 1284 4323 se
1336 4258 1660 4345 Italiam,
1714 4266 1787 4327 et
1836 4250 2157 4325 Siciliam
2214 4259 2384 4323 sunt
2436 4248 2786 4323 arbitrati.
2847 4245 3000 4339 Qui
3059 4242 3351 4345 quidem
3425 4254 3766 4317 auctores
3875 4276 3969 4321 ex

1214 4348 1503 4425 dnobus
1534 4400 1557 4439 ,-
1610 4352 1731 4427 vel
1781 4352 2039 4431 tribus..
2062 4371 2384 4425 veterum
2433 4344 2866 4445 scriptorum
2955 4344 3382 4441 testimoniis
3435 4340 3644 4417 hosce
3703 4340 3968 4421 Phoe-

1214 4448 1409 4523 nices
1464 4472 1736 4525 nostras
1788 4452 2139 4527 habitasse
2191 4444 2518 4546 regiones
2562 4454 3072 4521 autumer-unt.
3135 4440 3580 4547 Thueidides
3633 4445 3776 4544 qui
3839 4448 3958 4519 vi·-

1215 4547 1325 4619 xit
1376 4568 1601 4619 annos
1652 4547 2229 4621 CCCCLXXV.
2286 4558 2451 4619 ante
2501 4532 2867 4622 Christum
2919 4543 3046 4619 lib.
3099 4542 3204 4620 VI
3257 4569 3469 4619 num.
3559 4568 3604 4614 2
3671 4540 3771 4615 de
3827 4543 3960 4615 iis-

1214 4642 1379 4726 dem
1432 4640 1763 4751 gentibus
1848 4646 2023 4729 facit
2068 4642 2512 4731 mentionem
2554 4698 2588 4747 2.
2633 4664 2708 4739 et
2753 4644 3150 4731 Pausanias
3233 4646 3364 4747 qui
3471 4642 3686 4721 altero
3779 4660 3973 4739 post
