4487 5685
1058 496 1567 586 .1‘undamina
1631 491 1796 573 illic
1855 491 2363 573 iacerentur:
2434 481 2521 566 in
2586 480 2853 568 dubio
2920 486 3461 591 vertebatur,
3570 469 3855 574 utrum.

1085 615 1700 704 'Herculaneum
1769 623 1974 692 esset
2022 599 2152 687 'ibi
2187 596 2606 715 sepul-tum
2636 660 2673 702 ,
2744 627 2849 682 an
2890 595 2977 682 in
3022 627 3117 681 ea
3158 605 3595 690 vicinitate.
3636 601 3855 686 Hine

1105 735 1416 820 sactum
1469 748 1566 812 ut
1621 753 1818 810 cum
1905 717 2248 805 calidius
2308 713 2423 814 ad
2488 713 2950 800 effossionis
3040 743 3251 830 opus
3320 711 3859 838 pergeretur,
3964 703 3973 720 “

1107 849 1322 935 illius
1397 841 1792 960 temporis
1855 836 2156 923 eruditi
2225 833 2438 938 viri,
2496 858 2669 948 quo
2741 833 3080 917 nomine
3148 835 3353 922 haec
3432 856 3636 922 esset
3700 831 3855 914 do-

1107 964 1379 1052 nanda
1409 1023 1446 1068 ,
1520 961 1951 1046 nescirent.
2019 950 2383 1064 Quidam
2458 947 2895 1061 Pompeios
2923 1006 2950 1055 ‚
3014 948 3149 1034 alii
3198 953 3858 1045 Herculaneum,

1109 1085 1245 1166 alii
1301 1077 1633 1167 tandem
1691 1074 2074 1161 Retinarn
2131 1093 2307 1150 esse
2342 1060 2821 1146 dictitabant
2862 1095 2891 1163 3
2958 1063 3304 1177 quidam
3344 1067 3569 1155 haud
3610 1067 3859 1154 pom-

1111 1201 1338 1314 peios
1406 1193 1703 1279 urbem
1761 1219 1930 1274 esse
1985 1183 2168 1268 heic
2260 1177 2686 1268 conditam
2787 1180 3251 1266 asserebant
3293 1244 3326 1287 ,
3418 1213 3617 1268 cum
3686 1181 3865 1294 ipsa

1057 1369 1061 1372 -
1113 1313 1382 1400 extitit
1440 1309 1648 1398 olim
1708 1305 1817 1392 ad
1885 1303 2249 1390 Sarnum.
2309 1324 2641 1380 amnem
2682 1353 2713 1400 ‚
2788 1295 2931 1382 ubi
3021 1295 3477 1384 hodiedum
3568 1323 3864 1414 parum

1111 1427 1358 1518 distat
1417 1424 1646 1518 vicus
1713 1421 1954 1536 vulgo
2013 1417 2285 1504 dictus
2346 1413 2443 1498 la
2514 1409 2789 1494 Tor-re
2845 1409 3057 1496 dele
3078 1415 3681 1502 Annunzz'ata.

651 1559 833 1680 {⁰⁸2⁸
855 1555 1102 1682 “graffi-
1355 1547 1874 1640 Recentiores
1919 1533 2220 1624 eruditi
2260 1594 2287 1641 ,
2358 1529 2970 1616 Herculaneum
3032 1553 3271 1618 antea
3304 1533 3679 1627 Retinam
3720 1559 3864 1648 ap.

654 1645 1102 1766 „12⁸32m21
1125 1669 1508 1788 pellatam
1565 1697 1737 1753 esse
1763 1727 1792 1775 ‚
1847 1683 1932 1748 et
1991 1655 2407 1742 Romanae
2464 1643 2743 1732 classis
2808 1665 3083 1730 tutam
3148 1649 3395 1735 fnisse
3420 1649 3865 1738 stationem

653 1772 868 1830 '‘¹⁸⁸⁸''
1089 1801 1316 1876 'sunt
1385 1783 1779 1874 arbitrati.
1843 1777 2068 1864 Nam
2125 1773 2281 1888 ipsi
2350 1767 2579 1854 hunc
2646 1759 2857 1850 olim
2928 1760 3208 1850 locum
3298 1761 3867 1854 firmissimum
3978 1845 3983 1850 .

1119 1903 1486 1990 eiusdem
1565 1899 1834 1986 classis
1874 1893 2243 2010 'portum
2314 1883 2571 1968 fuisse
2642 1899 2972 1965 censent
3006 1941 3037 1982 ,
3140 1883 3229 1966 in
3310 1912 3563 1997 quem
3631 1910 3870 1996 saepe

1105 2019 1456 2110 Romani
1521 2011 2129 2130 confugiebant.
2161 2005 2281 2092 Re
2316 2029 2509 2090 sane
2544 2025 2736 2086 vera
2772 1994 3083 2080 Plinius
3118 1993 3267 2082 lib.
3345 1999 3495 2086 VI.
3564 2027 3687 2111 ep.
3764 2001 3871 2080 16

1105 2138 1354 2224 verba
1407 2135 1602 2224 facit
1671 2133 1777 2218 de
1843 2124 2114 2216 nautis
2149 2185 2180 2226 ,
2239 2115 2811 2229 militibusque
2886 2107 3308 2199 Rom-anae
3366 2113 3637 2198 classis
3696 2112 3869 2196 hoc

1103 2259 1362 2342 modo
1391 2291 1419 2340 .-
1481 2253 1848 2339 Retz‘nae
1905 2247 2335 2336 classiani
2396 2231 2897 2319 imminente
2951 2232 3353 2341 periculo
3458 2237 3867 2318 exterriti

1109 2375 1160 2486 (
1213 2403 1435 2459 nam
1495 2397 1605 2451 ea
1639 2370 1862 2451 villa
1919 2357 2419 2450 subtacebat
2440 2407 2473 2456 ‚
2528 2372 2689 2430 nec
2750 2343 2931 2428 ulla
2966 2352 3137 2432 ηιὶςί
3176 2343 3871 2458 navibusficga)

1105 2509 1203 2577 ut
1259 2519 1360 2578 se
1425 2497 1664 2571 tanto
1733 2477 2238 2566 discrimine
2302 2475 2730 2573 eriperent
2760 2517 2785 2561 ‚
2852 2464 3241 2544 orabant.
3306 2461 3565 2544 Hunc
3623 2459 3869 2545 Plinii

1101 2611 1392 2696 locum
1452 2595 1788 2720 quidam
1833 2597 2315 2706 interpretes
2384 2579 2595 2664 male
2648 2569 3096 2662 audierunt
3132 2613 3159 2665 .-
3221 2575 3394 2666 imo
3436 2578 3559 2662 uti
3618 2577 3871 2666 adue.

1111 2727 1318 2813 tavit
1371 2723 1498 2812 Cl.
1567 2719 2005 2808 Vetranius
2037 2699 2497 2830 ⁵‚Prodomo
2571 2694 2859 2774 Vesuv·
2915 2721 3115 2822 pag.
3207 2723 3367 2810 ¹19
3432 2711 3568 2782 tot
3620 2693 3869 2788 inter<

1112 2841 1610 2961 petrationes
1677 2837 1992 2951 accepit
2021 2890 2052 2937 ‚
2083 2834 2322 2939 'quot
2380 2827 2581 2901 sunt
2622 2809 2973 2894 Vesuvii
3026 2811 3295 2927 ipsius
3358 2811 3695 2897 cineres.
3728 2805 3869 2895 lna

1113 2980 1244 3047 ter
1308 2979 1618 3049 ceteros
1659 3012 1696 3051 ‚
1731 2980 1943 3070 quos
1995 2948 2214 3031 inter
2268 2953 2551 3027 exorta
2630 2952 2911 3041 pugna
2944 2984 2972 3032 ,
3024 2926 3677 3019 adnumerantur
3714 2931 3873 3019 La-

1115 3077 1336 3163 mius
1371 3138 1398 3184 ,
1467 3094 1550 3159 et
1607 3077 2016 3177 Mecattus
2056 3127 2081 3171 ,
2145 3057 2293 3175 qui
2350 3048 2573 3139 ultro
2602 3046 2747 3180 ‘ci-t
2768 3070 3029 3156 toque
3086 3076 3259 3136 non
3312 3045 3629 3151 semel,
3722 3040 3866 3129 sed

1115 3192 1412 3303 millies
1471 3189 1771 3305 seipsos
1849 3176 2220 3269 literar-iis
2288 3160 2887 3258 certaminibus
2982 3161 3557 3255 dilacerarunt.
3662 3158 3883 3245 Nam

1121 3338 1340 3398 unus
1403 3308 1618 3393 hanc
1689 3302 1971 3395 villam
2034 3295 2387 3397 Miseni,
2460 3282 2663 3365 alter
2707 3276 2867 3363 sub
2892 3272 3229 3370 Vesuvii
3266 3274 3679 3391 radicibus
3708 3302 3877 3389 poa·

1124 3426 1250 3513 nit
1285 3460 1310 3506 ··
1385 3454 1702 3511 necnon
1755 3418 2226 3507 Plinianum
2278 3413 2389 3494 ita
2463 3417 3040 3509 corrumpunt
3102 3414 3417 3480 textum
3455 3453 3485 3497 ,
3554 3408 3651 3471 ut
3718 3392 3885 3505 ipsi

1126 3544 1366 3631 illum
1431 3532 1978 3632 diversimode
2053 3532 2717 3643 interpetrentur.
2820 3512 2937 3636 At
2996 3512 3203 3600 nihil
3270 3509 3399 3597 his
3482 3504 3883 3595 obstanti·

1125 3660 1288 3751 bus
1338 3658 1468 3749 Cl·
1525 3654 2083 3747 Martorellius
2177 3646 2451 3731 Theca
2544 3630 2863 3719 calam.
2947 3649 3155 3719 tom.
3224 3623 3335 3715 11.
3429 3652 3610 3741 pag.
3712 3622 3895 3709 586

1128 3778 1346 3864 hanc
1419 3774 1696 3861 villam
1771 3773 2020 3863 ,fuisse
2077 3760 2361 3854 scribit
2428 3742 2983 3845 sub'Vesuvii
3058 3744 3307 3865 pedes
3346 3806 3381 3851 ‚
3452 3737 3597 3828 ubi
3662 3768 3884 3848 nunc

1135 3897 1384 3979 etiam
1444 3890 1807 4005 adsurgit
1845 3950 1880 3995 ‚
1951 3906 2033 3972 et
2086 3864 2902 3989 eandemaquodam
2936 3868 3272 3951 Paetino
3311 3886 3623 3945 nomen
3648 3860 3883 3945 usur-

1133 4040 1366 4125 passe
1403 4072 1433 4116 ‚
1493 4010 1722 4095 cuius
1780 4002 2160 4093 meminit
2227 3994 2547 4083 Tullius
2602 3988 2711 4075 ad
2771 3983 3030 4072 Attic.
3091 3982 3233 4069 lib.
3312 3974 3539 4065 XIV.
3575 4004 3709 4088 ep.
3780 3972 3889 4059 16

979 4138 996 4147 “
1137 4154 1500 4245 eumque
1551 4125 1826 4211 virum
1895 4114 2483 4218 Consularem,
2576 4128 2663 4193 et
2748 4104 3097 4190 divitem
3166 4090 3421 4185 fuisse
3521 4086 3798 4209 prodit
3834 4146 3873 4192 ,

1141 4244 1286 4357 qni
1346 4247 1456 4352 ‚in
1518 4244 2028 4328 Herculaneo
2097 4229 2355 4349 opido
2416 4224 2874 4343 plurimum
2926 4218 3138 4306 vitae
3206 4213 3521 4334 vixerat
3552 4268 3577 4315 ‚
3654 4200 3883 4289 nobi-

1143 4360 1474 4476 lemque
1527 4360 1804 4445 villam
1865 4354 2020 4442 sibi
2096 4362 2688 4435 construxerat.
2756 4344 2885 4427 Ex
2944 4335 3133 4449 ipso
3200 4329 3457 4414 Tullii
3488 4326 3734 4410 citato
3764 4321 3885 4404 lo·

1059 4520 1065 4527 ·
1147 4502 1249 4560 co
1279 4534 1318 4579 ,
1381 4472 1607 4557 hunc
1671 4474 2122 4559 Paetinam·
2163 4462 2779 4551 Herculaneum
2840 4450 3064 4573 apud
3104 4512 3133 4560 ‚
3212 4466 3297 4534 et
3360 4445 3601 4527 etiam
3670 4432 3895 4553 apud

1151 4586 1539 4677 Puteolos
1577 4648 1604 4687 ‚
1675 4586 2146 4701 Cumasque
2203 4577 2430 4667 villas
2496 4574 2875 4663 habuisse
2942 4568 3270 4655 dicitur.
3358 4560 3585 4646 Hinc
3670 4556 3895 4639 iuxta

1159 4704 1766 4795 Martorellium
1829 4704 2157 4794 Paetina
2217 4696 2379 4786 fuit
2440 4712 2757 4785 mutata
2826 4693 2916 4781 in
2982 4686 3378 4783 Ruinam
3413 4738 3461 4797 ³,
3538 4692 3621 4775 et
3676 4692 3899 4761 nune

1107 4928 1113 4933 .
1165 4825 1496 4915 Resina
1541 4840 1924 4911 vocatur.
2015 4854 2026 4865 ·
