4487 5685
1169 535 1354 616 sinu
1421 529 1806 618 Caietano
1863 529 2172 648 aliquid
2229 527 2667 650 appingere
2762 533 3129 622 non‘abs
3228 563 3311 620 re
3394 525 3570 618 erit.
3636 529 3919 619 Plures*

1173 667 1372 733 sunt
1433 649 1823 756 eaedem,
1895 681 2106 768 quae
2163 653 2587 766 quondam
2652 653 2899 740 etiam
2952 653 3057 740 ad
3116 657 3654 767 Campaniam
3684 669 3921 772 perti·-

1171 787 1592 871 nuerunt3
1655 765 2132 858 celebriores
2181 780 2385 854 'sunt
2446 771 2987 896 Pandataria,
3056 772 3339 856 Pontia
3356 833 3407 880 ,·
3464 773 3916 890 Palmaria,

1175 899 1256 980 et
1316 881 1677 969 Sinonia.
1737 884 2136 971 Dehisce
2194 890 2497 997 raptim
2554 916 2846 974 sermo.

771 991 1109 1058 9⁸³³⁸²⁸¹5⁸·
1403 1001 1782 1086 Pri-mum
1819 1002 2194 1088 occurrit
2255 1003 2737 1088 Pandataria
2797 1000 3055 1086 insula
3098 1061 3132 1104 ,
3204 1006 3451 1118 vulgo
3492 1008 3600 1098 V
3584 1021 3917 1103 entotie-

1151 1145 1257 1204 ne
1293 1178 1320 1216 ‚
1385 1143 1700 1231 quaen
1763 1119 2044 1206 Pontia
2111 1116 2351 1205 distat
2385 1116 3002 1236 quatuordecim
3048 1118 3441 1208 milliaria.
3474 1125 3709 1214 Hanc
3736 1133 3908 1245 pri·
4042 1216 4045 1220 ,

1151 1230 1804 1325 mumvolsoos
1867 1263 2301 1346 occupasse
2333 1298 2358 1341 ‚
2424 1257 2865 1352 posteaque
2926 1229 3349 1324 Romanos
3406 1271 3685 1328 rerum
3782 1247 3919 1336 do-

1090 1436 1093 1438 ,
1149 1349 1418 1458 minos
1483 1350 1884 1440 coloniam
1943 1347 2371 1438 deduxisse
2432 1369 2777 1439 testatur
2838 1349 3123 1438 Livius
3184 1352 3319 1439 lib.
3388 1359 3499 1442 V.
3600 1359 3907 1448 Hodie-

1151 1468 1360 1557 dum
1420 1465 1620 1550 haec
1679 1467 1890 1557 male
1945 1466 2283 1582 perditis
2339 1466 2823 1578 hominibus
2880 1483 3000 1552 est
3064 1473 3663 1585 receptaculum
3703 1537 3735 1580 ,
3832 1500 3913 1564 et

1145 1584 1362 1668 hanc
1421 1581 1531 1666 ob
1593 1581 1992 1678 rationem
2037 1581 2408 1694 deserta,
2474 1584 2943 1670 et·sterilis.
3008 1582 3221 1668 Sunt
3280 1589 3425 1700 qni
3504 1587 3907 1678 arbitran-

1144 1716 1286 1784 tur
1320 1759 1348 1804 ,
1411 1695 1756 1790 eandem
1801 1699 2639 1788 Romanorumvaevo
2699 1700 3103 1786 celebrem
3162 1703 3586 1789 evasisse:
3682 1708 3908 1796 ideo-

1141 1843 1308 1931 que
1369 1815 1644 1930 aliqua
1701 1815 2263 1912 aedificiorum
2326 1837 2638 1906 vetusta
2700 1816 2995 1904 rudera
3056 1813 3141 1899 in
3202 1821 3695 1934 quibusdam
3778 1826 3906 1912 in·

992 2013 1002 2020 ,
1131 1930 1366 2016 sulae
1423 1932 2363 2022 locis.c0mmonstrant.
2424 1941 2650 2028 Haec
2712 1933 3275 2020 administrata
3337 1937 3495 2020 fuit
3556 1968 3603 2020 a
3710 1971 3921 2056 quo-

1141 2045 1338 2135 dam
1385 2051 1814 2138 -Metro'bio
1855 2108 1882 2155 ‚
1943 2070 2022 2136 et
2081 2051 2593 2165 praefectura
2652 2053 2941 2158 evasit,
3002 2071 3085 2134 et
3120 2071 3381 2136 statua
3424 2053 3689 2138 eidem
3730 2057 3897 2141 col-

1140 2165 1403 2251 locata
1437 2231 1464 2272 ,
1525 2187 1620 2252 ut
1677 2191 1993 2254 constat
2050 2169 2567 2286 egquodam
2618 2166 2893 2286 ,lapide
2953 2164 3259 2262 ibidem
3318 2189 3673 2282 reperto.
3732 2171 3891 2258 Re-

1141 2299 1362 2365 stant
1421 2283 1709 2377 adhuc,
1753 2283 1989 2398 plura
2049 2287 2204 2371 alia
2268 2287 2689 2372 vetustatis
2754 2303 3331 2388 monumenta,
3370 2305 3472 2386 *et
3512 2284 3893 2402 pleraque
4028 2305 4045 2316 '

1139 2397 1441 2484 rudera
1485 2467 1514 2504 ‚
1576 2422 1673 2494 ut
1731 2401 2086 2504 balnea«,
2153 2401 2497 2510 domus,
2562 2422 2643 2489 et
2704 2398 3104 2516 templum
3146 2459 3171 2505 ‚
3240 2399 3469 2514 quod
3532 2397 3701 2486 lovi
3764 2405 3879 2488 di.

1141 2531 1418 2600 catum
1477 2520 1822 2604 fortasse
1879 2514 2064 2598 fuit.
3233 2593 3246 2602 .

1375 2629 1656 2718 Evasit
1701 2630 2016 2716 mobilis
2077 2629 2370 2720 eadem·
2422 2632 2681 2720 insula
2740 2629 2849 2712 ob
2886 2629 3415 2740 quorundam
3456 2631 3895 2722 illustrium

1129 2748 1516 2838 ,virorum
1554 2743 1962 2834 ,exi-lium:
2067 2751 2489 2861 Augustus
2570 2743 2789 2827 enim
2846 2739 2963 2823 ibi
3025 2741 3281 2830 filiam
3352 2745 3709 2857 Iuliam,
3810 2775 3891 2838 et

1136 2884 1472 2979 neptem
1535 2862 1912 2973 relegavit
1975 2862 2114 2972 (1)
2163 2924 2200 2973 ,
2256 2880 2511 2973 utque
2574 2860 2657 2941 iu
2720 2858 2942 2943 bona
3004 2882 3263 2943 essent
3304 2862 3673 2948 custodia
3706 2896 3889 2953 om·

1139 2988 1232 3065 ni
1291 3003 1588 3069 conatu
1653 2979 1932 3063 enixus
1995 2994 2149 3075 est,
2211 2976 2356 3085 uti,
2399 2975 2727 3059 Tacitus
2786 2990 3065 3067 narrat
3120 2976 3422 3065 Annal.
3484 2974 3628 3063 lib.
3686 2984 3751 3069 Ι.
3816 3012 3891 3069 c.

1145 3102 1282 3185 53.
1347 3095 1444 3179 Id
1501 3090 1783 3209 prodit
1834 3093 2087 3175 etiam
2149 3087 2621 3183 Paterculus
2684 3091 2820 3179 lib.
2886 3090 2987 3176 II.
3050 3120 3122 3175 c.
3224 3120 3407 3183 100.
3518 3094 3898 3184 Tiberius

1139 3214 1226 3298 in
1291 3209 1628 3297 eandem
1693 3206 2042 3295 insulam
2103 3238 2413 3297 nurum
2478 3208 3014 3323 Agrippinam
3078 3210 3261 3320 post
3326 3210 3479 3293 viri
3568 3210 3897 3298 obitum

1105 3328 1378 3419 :exilio
1439 3326 1866 3427 multavit,
1927 3356 2138 3441 quae
2201 3347 2391 3440 post
2480 3324 2731 3437 flagra
2828 3342 3141 3436 septem
3218 3322 3545 3413 dierum
3638 3328 3903 3415 inedia

1147 3444 1506 3532 decessit.
1573 3442 1798 3531 Nero
1859 3441 2251 3527 Octaviae
2312 3444 2583 3525 uxoris
2646 3436 3320 3525 consuetudinem
3384 3463 3906 3557 aspernatus,

1147 3582 1243 3645 ut
1305 3564 1660 3653 sterilem
1727 3555 2037 3645 dimisit
2079 3624 2102 3665 ‚
2165 3579 2261 3641 ut
2319 3556 2540 3643 idem
2604 3555 2881 3671 prodit
2938 3554 3271 3639 Tacitus
3340 3558 3639 3643 Annal.
3748 3562 3898 3654 lib.

1143 3676 1382 3761 XIV.
1447 3710 1519 3765 o.
1591 3688 1722 3786 63.
1789 3680 2114 3761 Praeter
2177 3672 2545 3767 laudatos
2611 3674 2827 3757 viros
2886 3702 2978 3759 ac
3040 3671 3417 3759 mulieres
3454 3676 3779 3762 nobiles
3819 3683 3905 3767 iu

1152 3788 1508 3884 eandem'
1553 3783 1906 3887 insulam
1967 3824 2011 3879 e
2075 3782 2557 3878 Ch'ristianis
2618 3790 3037 3905 perplures
3102 3791 3189 3873 in
3272 3790 3604 3879 exilium
3714 3804 3905 3881 suut

1159 4038 3914 4109 mm

1364 4238 1490 4340 (ι)
1541 4238 1817 4311 Verum
1871 4180 2242 4307 enimvero
2300 4256 2391 4305 ne
2442 4233 2523 4345 iu
2556 4190 3031 4347 ‘mend-aucium
3098 4230 3511 4317 incidamus
3548 4287 3571 4324 ,
3652 4232 3905 4312 dicem,

1171 4344 1352 4416 dum
1401 4344 1814 4438 Augustum
1865 4334 2375 4434 Imperatorem
2422 4349 2647 4403 ctiam
2696 4330 2909 4404 exilio
2974 4332 3311 4407 multasse
3364 4352 3646 4431 neptem
3690 4338 3761 4407 in
3790 4338 3901 4411 iu-

1167 4436 1406 4514 sul-aim
1459 4436 1916 4525 Trimerum,
1977 4434 2285 4507 Tmmiti
2316 4488 2339 4523 ‚
2390 4430 2587 4531 quod
2642 4429 3003 4531 impudice
3058 4433 3357 4505 viveret.
3392 4435 3645 4531 anue
3682 4436 3899 4509 etiam

1169 4542 1308 4616 sub
1359 4537 1590 4610 Iuliae
1641 4533 1932 4607 nomine
1981 4534 2221 4625 venit,
2276 4531 2402 4605 sed
2454 4532 2725 4632 neptis,
2780 4544 2854 4605 et
2904 4556 3051 4605 non
3108 4530 3227 4605 illa
3282 4533 3421 4606 alia
3472 4531 3657 4606 Iulia
3689 4558 3901 4631 supra

1171 4658 1558 4715 memorata
1593 4690 1616 4727 ‚
1677 4646 1748 4704 et
1798 4634 1872 4802 {n
1927 4634 2443 4708 Pandatariam
2494 4630 2831 4734 relegata.
2874 4628 2963 4737 {d
2998 4656 3211 4711 omne
3242 4656 3326 4711 ex
3352 4632 3601 4709 Tacito
3632 4632 3895 4713 Annal.
3938 4716 3947 4723 ,

1175 4739 1300 4819 lib.
1349 4736 1488 4828 IV2
1537 4763 1598 4815 c.
1657 4750 1736 4823 17
1825 4735 2056 4835 iquet2
