4487 5685
575 529 828 617 runt,
903 501 1135 620 quod
1191 492 1596 622 opidum,
1657 519 1753 590 ut
1815 533 1860 589 e
1923 501 2325 608 Strabone
2383 503 2875 620 ediscimus)
2943 409 3325 632 magtiaotg

577 647 766 712 ante
825 623 1366 710 defectionem
1427 622 1698 708 fuerat
1751 649 2118 740 passum.

805 743 890 824 Si
947 759 1224 825 autem
1285 739 1740 826 Mantuano
1797 745 1961 832 vati
2022 737 2208 826 AEn.
2272 737 2458 826 VII.
2554 767 2631 828 v·
2736 749 2903 858 733
2986 769 3069 834 et
3162 773 3342 874 seq.

565 855 1050 976 praestanda
1109 879 1230 943 est
1289 852 1492 942 fides
1522 918 1551 962 ,
1611 877 1692 942 et
1749 859 2094 970 seposita
2156 859 2475 971 poetica
2534 861 2997 952 narratione
3028 927 3063 972 ,
3170 873 3333 958 Te-

561 973 892 1082 leboae,
951 975 1122 1060 sive
1177 975 1407 1090 quod
1469 971 1758 1058 Graeci
1817 971 2126 1054 fuerint
2159 1031 2194 1074 ‚
2261 973 2431 1058 sive
2530 973 2977 1067 Phoenices
3012 1043 3039 1090 ,
3136 984 3361 1076 cum'

562 1096 652 1180 in
711 1089 1029 1182 Italiam
1087 1089 1686 1206 pervenissent,
1748 1083 2106 1209 Capreas
2167 1087 2525 1176 insulam
2614 1119 3153 1210 occuparunt.
3220 1103 3331 1187 11-

533 1215 834 1300 ·lorum
895 1233 1038 1292 rex
1095 1205 1358 1293 Telon
1419 1209 1586 1294 iam
1642 1231 1884 1290 senex
1946 1205 2411 1322 nympham
2466 1206 2998 1298 Sebethidem
3062 1214 3147 1297 in
3175 1245 3345 1322 ma-g

559 1326 1054 1414 trimonium
1115 1321 1270 1413 sibi
1325 1321 1848 1410 conlocavit=
1911 1350 2009 1408 ex
2073 1323 2200 1404 his
2266 1325 2576 1439 nuptiis
2636 1345 2869 1413 ortus
2930 1329 3321 1448 Oebalus,

574 1449 722 1562 qui
783 1461 1012 1558 patre
1071 1471 1116 1525 e
1177 1443 1380 1530 vivis
1437 1459 1718 1555 erepto
1749 1501 1776 1547 ,
1837 1467 1994 1524 nee
2051 1439 2319 1524 insula
2377 1461 2807 1528 contentus
2846 1507 2873 1548 ,
2942 1477 3091 1534 sua
3153 1453 3321 1538 vir-

563 1583 746 1647 tute
802 1563 1000 1644 alias
1061 1557 1278 1644 bello
1337 1577 1616 1673 gentes
1675 1554 2022 1668 subegit.
2085 1555 2411 1642 Idcirco
2474 1585 2671 1644 cnm
2731 1558 2941 1676 leges
3003 1565 3111 1650 ad
3172 1597 3323 1682 pa..

573 1699 796 1767 catos
851 1675 1101 1762 ferret
1163 1675 1338 1792 ipse
1391 1676 1750 1792 populos
1781 1741 1814 1785 ,
1869 1675 2207 1788 eiusque
2271 1675 2573 1760 virtute
2634 1695 2715 1760 et
2774 1681 3023 1765 armis
3084 1704 3322 1774 com*

561 1793 778 1914 pulsi
840 1821 1126 1883 omnes
1183 1792 1301 1877 illi
1361 1811 1738 1905 gererent
1771 1817 2088 1876 morem
2118 1851 2143 1895 ,
2207 1789 2721 1908 propinquae
2750 1795 2905 1908 ipsi
2944 1827 3031 1882 se
3064 1799 3337 1886 subie-

569 1930 862 1998 cerunt
917 1929 1247 2022 gentes,
1309 1911 1400 1996 in
1457 1907 1688 1996 cuine
1749 1911 1996 1994 etiam
2057 1925 2544 2022 potestatem
2606 1911 2899 1996 cecidit
2940 1916 3331 2001 Hercula.

561 2059 840 2114 neum·
899 2029 1079 2142 lpse
1139 2023 1502 2114 Oebalus
1562 2025 1833 2112 adhuc
1894 2025 2150 2111 vitam
2208 2021 2559 2136 agebat,
2618 2053 2815 2114 cum
2874 2031 3213 2116 Troiani
3244 2036 3335 2121 in

571 2145 892 2234 Italiam
949 2141 1586 2258 adnavigarunt3
1647 2161 2152 2264 quapropter
2211 2169 2413 2230 cum
2468 2139 2730 2234 AEnea
2794 2173 3086 2263 aprum
3126 2149 3337 2238 duce

443 2319 450 2326 -
569 2262 1014 2350 amicitiam
1075 2263 1528 2347 constituit.

799 2379 1210 2462 Incertum
1275 2405 1470 2460 vero
1527 2395 1650 2458 est
1703 2403 2073 2489 quonam
2129 2378 2491 2464 evenerit
2550 2405 2777 2486 aevu,
2844 2403 2935 2466 ut
2990 2389 3309 2478 Hercu·
3346 2406 3571 2467 Cumani
3598 2452 3631 2483 ,
3666 2419 3795 2475 ina,

563 2493 934 2579 lanenses
993 2493 1079 2576 in
1139 2493 1717 2576 Cumanorum
1777 2491 2242 2572 transierint
2302 2510 2809 2601 potestatem:
2850 2499 3049 2584 haee
3089 2509 3303 2592 enim
3344 2483 3801 2624 ἷὲῗῗζζῖζξξῗ

563 2637 759 2724 gens
821 2609 1084 2693 multo
1147 2607 1308 2692 fuit
1363 2606 1776 2722 potentior
1813 2659 1842 2704 ‚
1900 2631 2154 2719 quam
2189 2603 2337 2689 alia
2368 2633 2579 2719 quae
2618 2605 2955 2721 quidem
2989 2624 3311 2736 sequioae
3348 2623 3468 2678 ‘¹⁶¹¹'
3564 2629 3797 2705 ¹3⁰2„ss

563 2729 639 2810 ri
697 2751 898 2812 aevo
958 2725 1206 2814 etiam
1262 2724 1347 2808 in
1407 2719 1986 2808 Romanorum
2071 2722 2449 2834 pervenit
2545 2718 3041 2819 domini-um.
3106 2740 3309 2832 Post
3382 2695 3765 2847 ‘igilur-'isit'

573 2847 992 2931 Cumanos
1049 2872 1097 2927 a
1157 2838 1660 2929 Samnitibus
1717 2835 2333 2925 Herculaneum
2392 2839 2553 2929 fuit
2612 2841 3311 2968 administratum,

564 2979 753 3044 ante
811 2986 1022 3073 quoe
1079 2988 1128 3043 a
1188 2956 1642 3076 Tyrrhenis
1699 2950 2306 3069 occupabatur,
2366 2962 2515 3073 qui
2582 2962 3036 3079 Campania
3070 2972 3330 3065 domi.

561 3074 736 3161 nati
796 3096 988 3160 sunt
1049 3078 1286 3163 annis
1351 3075 1724 3193 pluribus
1761 3133 1792 3175 ‚
1852 3092 1932 3155 et
1990 3074 2393 3161 Samnites
2452 3104 2741 3165 eorum
2778 3082 3107 3175 finitimi
3142 3121 3331 3211 post

579 3191 924 3307 longum
989 3222 1180 3285 cum
1247 3194 1538 3285 iisdem
1597 3190 1913 3279 bellum
1969 3210 2289 3303 gestum
2332 3250 2361 3293 ,
2422 3212 2506 3275 et
2564 3200 2901 3284 tandem
2959 3206 3335 3327 defatiga-

573 3309 699 3412 ti,
757 3338 956 3422 pace
1014 3312 1328 3399 reddita
1393 3327 1909 3414 statuerunt5
1960 3314 2066 3391 'ut
2128 3308 2549 3423 Tyrrheni
2612 3316 3111 3435 Campaniae
3174 3332 3330 3419 illis

581 3424 961 3512 cederent
1021 3452 1370 3542 partem.
1431 3434 1550 3517 At
1607 3426 1920 3511 factum
1980 3444 2104 3509 est
2167 3443 2277 3507 -ut
2368 3428 2775 3521 Samnites
2866 3469 3059 3527 cum
3150 3448 3329 3538 iure

584 3540 780 3626 belli
843 3574 976 3627 eas
1033 3570 1566 3661 occupassent
1622 3542 1994 3652 regiones
2034 3603 2062 3651 ,
2123 3569 2315 3629 suos
2376 3546 2887 3657 prodiderint
2976 3560 3327 3653 foedera-

591 3676 744 3741 tos,
811 3660 1064 3741 Fama
1131 3690 1323 3747 vero
1383 3684 1562 3770 est,
1624 3674 1876 3743 noctu
1939 3678 2124 3769 post
2185 3658 2585 3745 sollemne
2638 3666 2951 3757 editum
2986 3684 3327 3792 epulum

580 3790 667 3855 et
727 3770 1025 3857 festum
1073 3836 1096 3881 ‚
1159 3804 1328 3891 quo
1389 3799 1760 3894 tempore
1819 3772 2231 3893 Tyrrheni
2294 3772 2652 3881 Baccho,
2684 3782 3169 3909 Venereque
3226 3834 3335 3890 se.

585 3889 798 4001 pulti
837 3950 862 3996 ‚
927 3918 1023 3973 en
1088 3892 1492 3981 Samnites
1561 3888 1870 4011 perfide
1931 3895 2018 3975 in
2084 3888 2561 4006 Tyrrhenos
2636 3896 3077 4016 irruentes,
3123 3940 3201 3999 et
3234 3918 3333 4001 il..

582 4002 856 4089 lorum
921 4006 1124 4093 sacta
1196 4010 1754 4099 internecione
1790 4072 1819 4116 ,
1899 4012 2323 4125 Capuam,
2410 4028 2829 4130 totamque
2896 4034 3333 4148 occupasse

587 4119 1154 4239 Campaniam.
1222 4129 1424 4215 Inde
1491 4162 1588 4215 ex
1647 4124 1992 4245 perfidia
2063 4126 2509 4239 Campania
2562 4160 2707 4247 per
2742 4134 3142 4235 Samnites
3210 4181 3332 4238 ea·

578 4258 777 4354 pta,
843 4260 926 4325 et
989 4244 1506 4332 Herculaneo
1581 4264 1868 4360 utpote
1918 4240 2124 4332 urbe
2175 4262 2395 4329 recte
2424 4252 3103 4355 munita,n0vem
3144 4292 3327 4385 post

561 4368 850 4440 'annos
911 4357 1014 4445 ab
1081 4362 1360 4448 iisdem
1435 4380 1957 4479 expugnato,
2043 4391 2140 4447 eo
2226 4390 2487 4475 usque
2564 4390 2763 4455 sunt
2846 4374 3315 4493 dominati,

597 4468 864 4560 donec
923 4472 1270 4563 Romani
1321 4510 1594 4565 rerum
1669 4478 1994 4565 domini
2041 4478 2260 4563 idem
2310 4508 2845 4597 occuparunt.
2888 4500 3124 4587 Hanc
3159 4534 3325 4591 om.

593 4614 784 4674 nem
829 4599 1421 4683 enarrationem
1457 4597 1738 4711 prodit
1786 4597 2226 4687 Patavinus
2290 4604 2583 4687 auctor
2629 4604 2771 4696 lib.
2840 4609 2991 4700 IV.
3026 4650 3095 4703 c.
3148 4652 3323 4732 ·19·

812 4706 928 4794 Ita
975 4706 1322 4797 Romani
1393 4716 1910 4801 Herculaneo
1967 4714 2214 4831 potiti
2274 4710 2505 4803 fuere
2594 4753 2811 4813 anno
2900 4731 3297 4821 CXVIII.
3343 4742 3635 4831 ouem
3660 4748 3758 4803 ¹⁵·-

574 4840 758 4927 poet
816 4822 1112 4945 Papirii
1173 4832 1590 4943 Atratini,
1657 4850 1740 4919 et
1783 4832 2070 4927 Nautii
2143 4830 2433 4925 Rutilii
2500 4836 3045 4937 Consulatum
3086 4880 3303 4943 anno
3338 4818 3773 4959 iaissnffb‘ffi
