4487 5685
1165 413 1170 416 .
1993 399 2008 416 ·
2541 421 2549 429 .
3130 341 3288 432 165

569 461 826 581 qui-im
885 463 1252 553 floruisse
1286 459 1604 550 saeculo
1636 461 1776 552 IX.
1819 451 2134 551 erudite
2169 449 2461 572 probat
2514 452 2933 544 Milantius
2960 451 3295 546 Dissert.

569 583 712 668 IV.
777 583 879 665 de
943 585 1019 666 S.
1091 586 1426 676 Catello.
2390 629 2397 637 ·

801 701 983 782 Hoc
1047 703 1392 817 opidum
1459 703 1620 784 iam
1681 733 1776 786 ex
1839 698 2403 782 Romanorum
2470 719 2665 777 aevo
2726 711 3061 806 propter
3154 683 3755 816 va-A‘1¹¹²‘,g¹³¹²“²·

571 816 876 898 riarum
942 847 1344 932 aquarum
1407 817 1990 902 abundantiam
2055 809 2539 896 eelebratur.
2602 812 2707 894 Et
2766 839 2853 890 re
2915 837 3101 895 sane
3165 840 3297 895 ve·
3552 799 3567 818 ⁶

582 963 664 1014 ru
735 931 1182 1020 Columella
1244 937 1344 1018 de
1407 941 1528 1020 Re
1590 942 1821 1022 Rust.
1885 931 2024 1015 lib.
2085 928 2198 1010 X.
2266 925 2369 1009 de
2432 922 2715 1008 iisdem
2776 926 2887 1008 sic
2952 929 3223 1010 canitz

839 1051 1218 1135 Pontibus
1283 1065 1364 1139 et
1442 1053 1736 1136 Stabiis
1799 1051 2134 1137 celebres
2169 1105 2195 1144 ,
2266 1061 2347 1128 et
2431 1041 2532 1129 V
2520 1043 2725 1124 ervia
2788 1075 2990 1128 rura.
3362 1128 3369 1134 ,

571 1183 650 1246 et
709 1163 1012 1249 Plinius
1075 1169 1286 1251 Hist.
1351 1177 1646 1260 Natur.
1707 1165 1856 1251 lib..
1907 1163 2232 1250 XXXI.
2300 1189 2487 1276 cra
2547 1155 2649 1240 de
2709 1158 3055 1270 quadam
3128 1158 3299 1242 Sta-

573 1275 806 1362 Biana
871 1310 1072 1396 aqua
1167 1289 1296 1376 sic,
1345 1284 1678 1374 scribit:
1769 1282 1874 1368 In
1946 1278 2325 1366 Stabiano
2399 1301 2611 1389 agro
2708 1307 2976 1386 aqua,
3083 1307 3297 1388 quae

574 1408 928 1484 νου-αἰψ’
957 1399 1288 1490 dimidia
1332 1469 1356 1512 ‚
1389 1407 1800 1492 calculosis
1865 1405 2234 1488 medetur.
2299 1394 2517 1477 Hine
2574 1389 2827 1498 dubio
2869 1391 3154 1502 procul
3190 1393 3295 1476 ad

574 1536 937 1595 nostram
1005 1548 1262 1634 usque
1326 1543 1668 1606 aetatem
1764 1539 1888 1602 tot
1973 1513 2403 1601 minerales
2490 1536 2808 1624 aquae,
2870 1509 3293 1622 sontesque

569 1654 1131 1719 memorantur
1172 1693 1202 1740 ,
1272 1641 1417 1754 qui
1500 1641 1586 1724 in
1675 1633 1830 1720 hac
1891 1631 2094 1718 urbe
2153 1629 2451 1747 passim
2510 1627 2829 1710 adsunt.
2872 1625 3031 1708 Hie
3074 1630 3295 1710 enim

563 1773 750 1853 ager
806 1749 868 1826 si
931 1753 1470 1842 Puteolanum
1507 1818 1540 1860 ‚
1613 1772 1692 1838 et
1751 1751 2160 1840 Inarimen
2222 1743 2573 1830 insulam
2634 1773 2677 1826 e
2750 1740 3023 1826 medio
3086 1745 3293 1828 exei-

569 1861 911 1972 piamns,
979 1873 1262 1955 ceteris
1332 1892 1736 1956 terrarum
1796 1867 2015 1952 orbis
2106 1862 2471 1980 partibus
2531 1858 3005 1943 antecellere
3066 1858 3295 1942 vide·

567 1993 725 2057 tur.
777 1980 1092 2066 Primus
1135 1985 1378 2096 igitur
1411 1989 1592 2072 fons
1651 1985 1754 2068 ab
1811 1981 2106 2068 accolis
2148 1981 2453 2066 dicitur
2482 1977 2779 2090 Aequa
2818 1974 3114 2074 Rossa,
3152 2005 3294 2060 seu

565 2091 858 2205 Aequa
927 2103 1280 2188 Fer-rata.
1351 2105 1574 2188 Haec
1636 2132 1852 2218 aqua
1911 2097 2016 2184 ad
2077 2099 2492 2185 variorum
2555 2119 2985 2205 aegrorum
3048 2117 3292 2176 usum

569 2229 688 2288 est
755 2211 962 2292 utilis
997 2269 1020 2305 ,
1087 2237 1162 2294 et
1221 2221 1650 2328 praecipue
1705 2220 1814 2300 ad
1873 2214 2275 2300 curandas
2336 2234 2857 2294 contumaces
2894 2207 3293 2291 viscerum

579 2318 1198 2410 obstructiones·
1256 2330 1488 2412 Alter
1577 2329 1756 2414 sons
1857 2325 2293 2410 Stabiensis
2350 2341 2471 2408 est
2564 2321 2696 2404 ille
2754 2323 2897 2434 qni
2958 2342 3295 2408 vocatur

573 2435 872 2549 'Aequa
943 2444 1024 2522 α’
1087 2441 1538 2530 Acitosella
1577 2503 1604 2544 ‚
1707 2461 1991 2558 utpote
2049 2434 2194 2552 qui
2252 2440 2336 2520 in
2436 2463 2731 2550 aquam
2798 2433 3062 2518 effluit
3150 2441 3297 2520 aci·

585 2551 928 2656 dulam·,-
987 2587 1356 2672 quaeque
1415 2560 1596 2645 alba
1655 2578 1776 2646 est
1818 2621 1845 2660 ,
1905 2577 1984 2642 et
2041 2550 2431 2644 subacido
2490 2573 2773 2666 sapore
2810 2613 2837 2652 ,
2924 2581 3293 2668 quaeque
3395 2605 3406 2614 -

574 2669 906 2782 tandem
971 2703 1160 2788 prae
1221 2677 1502 2762 ceteris
1574 2679 1740 2762 vim
1794 2674 2039 2760 habet
2069 2672 2623 2758 ventriculum
2666 2666 3281 2774 corroborandi,

577 2805 656 2869 et
717 2789 1098 2875 enecandi
1163 2821 1495 2881 vermes·
1565 2790 1890 2879 Tertius
1947 2789 2132 2876 fons
2191 2809 2313 2875 eat
2400 2817 2655 2904 aquae
2744 2785 3147 2871 mineralis
3207 2788 3292 2871 in

575 2902 822 3006 loco,
884 2910 1014 2993 cui
1079 2937 1382 3021 nomen
1443 2913 1515 2997 il
1563 2909 1868 2999 molino
1921 2914 2139 2996 della
2201 2914 2487 3012 Pace;
2562 2906 2759 2989 haec
2813 2934 3017 3018 aqua
3082 2934 3297 2989 eom·

575 3023 807 3103 muni
880 3024 1274 3109 vocabulo
1316 3026 1762 3143 appellatur
1809 3064 1832 3136 3
1915 3030 1970 3113 l'
2023 3054 2291 3140 acqua
2332 3028 2681 3129 fetente.
2753 3024 2955 3105 Eam
2994 3050 3291 3135 aquam

577 3134 946 3247 pluribus
1050 3144 1476 3230 evellendis
1567 3144 1882 3231 morbis
1981 3173 2148 3227 esse
2243 3162 2517 3258 aptam
2617 3137 2947 3224 adnotat
3005 3140 3291 3224 citatus

577 3280 810 3365 saepe
873 3261 1294 3345 Milantius
1355 3258 1548 3345 ibid.
1612 3292 1788 3377 pag.
1857 3260 1995 3344 26.
2033 3256 2349 3345 Eadem
2384 3257 2683 3355 aestivo
2726 3276 3085 3370 tempore
3122 3285 3311 3339 non.

577 3370 842 3452 solum
908 3372 1278 3479 incolae,
1347 3408 1633 3463 verum
1684 3378 1942 3463 ‘exteri
2003 3378 2249 3461 etiam
2305 3376 2448 3491 qui
2510 3376 2669 3461 huc
2758 3373 3197 3458 adveniunt
3262 3439 3289 3477 ‚

576 3506 950 3574 utuntur.
1012 3496 1380 3597 Quartus
1455 3496 1644 3577 fons
1703 3493 2002 3577 dicitur
2059 3494 2569 3604 sulphureus
2607 3552 2629 3594 ‚
2692 3490 3035 3603 l’acqua
3098 3490 3290 3575 Sala

563 3600 864 3707 fier-ea:
946 3605 1230 3685 eadem
1290 3622 1536 3685 scatet
1597 3634 1692 3687 eo
1752 3608 1836 3687 in
1893 3608 2144 3706 looo',
2203 3608 2345 3719 qui
2398 3604 2848 3717 appellatur
2898 3614 2999 3689 D.
3078 3606 3293 3692 L‘eo·

583 3717 832 3797 nardo
871 3776 896 3814 ,
961 3718 1038 3799 in
1109 3716 1364 3819 hortis
1422 3718 1778 3805 eiusdem
1863 3716 2176 3803 domini
2235 3737 2491 3834 prope
2548 3716 3006 3803 Ecclesiam·
3094 3720 3293 3807 Car-

583 3829 1074 3915 melitarum.
1141 3834 1364 3919 Haec
1437 3866 1650 3951 aqua
1722 3832 2010 3925 efficax
2073 3854 2187 3918 est
2266 3832 2368 3919 ad
2442 3835 2837 3921 curandas
2957 3842 3286 3949 aegritu·

581 3938 804 4029 dines
873 3972 1246 4036 cutaneas
1317 3982 1410 4059 ex
1475 3952 1686 4045 salso
1756 3957 2102 4039 humore
2163 3950 2627 4043 derivantes
2667 4014 2692 4060 ,
2758 3950 3105 4068 aliasque
3206 3954 3286 4036 id

577 4094 853 4175 genus.
923 4072 1282 4179 Quintus
1356 4074 1536 4155 fons
1584 4094 1705 4156 eet
1775 4068 2150 4155 omnium
2209 4068 2853 4177 celeberrimuS,
2910 4076 3047 4184 qui
3128 4100 3291 4154 sea·

580 4200 696 4261 tet
762 4184 860 4266 ad
929 4185 1238 4267 radices
1303 4186 1526 4270 collis
1565 4244 1596 4287 ,
1659 4216 1911 4302 supra
1975 4214 2250 4301 quem·
2298 4186 2523 4274 adest
2586 4186 2667 4271 S.
2748 4189 3147 4273 Francisci
3192 4188 3291 4273 de

581 4297 829 4381 Paula
888 4300 1292 4385 Ecclesia:
1370 4303 1562 4387 haec
1629 4334 1839 4420 aqua
1903 4302 2205 4392 dicitur
2274 4308 2368 4391 S.
2436 4304 2719 4406 Mar-itt,
2778 4306 3289 4392 diPozzanO.

582 4410 716 4494 Ad
787 4416 1094 4500 radices
1165 4406 1390 4502 illius·
1469 4421 1686 4535 ’1οςῐέ
1755 4440 1836 4503 et
1899 4425 2231 4535 proprie
2284 4418 2425 4505 ubi
2522 4416 2820 4505 dicitur
2882 4420 3199 4561 Fasano
3264 4486 3287 4531 ‚

482 4555 520 4571 ··
579 4526 848 4648 “effl‘u'it
922 4566 1130 4649 aqna
1205 4532 1504 4618 isthaec
1541 4531 1798 4624 ,lactei
1862 4538 2162 4624 coloris
2207 4599 2235 4639 ,
2305 4536 2645 4623 odorem
2705 4544 3279 4650 praeseferente,

493 4752 498 4757 ἱ
584 4643 828 4733 veluti
897 4642 1188 4765 liquidi
1258 4643 2006 4759 bituminis-‚Haec
2077 4682 2287 4769 aqua
2352 4651 2567 4739 utilis
2648 4674 2765 4739 est
2838 4654 2937 4740 ad
3020 4658 3287 4767 expel-
3372 4722 3377 4727 .
