4487 5685
1224 347 1389 407 210

1224 430 1687 541 telligendos
1731 493 1757 531 ‚
1821 428 2043 517 haud
2112 458 2306 515 vero
2361 428 2466 517 de
2525 428 3068 546 Neapolitano
3129 428 3402 541 CireO.
3469 432 3782 526 Verum
3823 435 3970 521 bo·-

1220 580 1325 633 na
1386 576 1581 658 paee
1644 549 1885 631 huius
1914 547 2306 659 praeclari
2365 546 2548 635 Viri
2615 580 2711 636 ex·
2771 544 3174 665 lapidibus
3231 546 3722 661 quibusdam
3758 552 3965 633 Nea·

1220 663 1595 777 politanis
1632 724 1659 763 ,
1715 692 1931 777 quos
1964 665 2139 751 heic
2204 668 2540 757 recitare
2598 696 2918 781 possem
2957 726 2986 767 ,
3046 670 3412 773 arguitur
3449 724 3476 767 ‚
3539 696 3632 747 ex
3731 669 3968 755 variis

1213 777 1429 863 ludis
1494 782 1575 863 in
1636 778 1889 869 Circo
1948 780 2229 869 haberi
2287 780 2543 867 solitis
2583 842 2610 891 ,
2671 782 2829 865 hoc
2897 779 3252 892 Neapoli
3314 777 3954 869 aedificium-ex-

1202 894 1475 977 titisse.
1538 896 1723 981 Hoc
1782 896 2021 981 etiem
2122 899 2628 1003 maximum,
2695 918 2774 983 et
2864 899 3202 1009 longum
3291 894 3754 983 aedificium
3852 898 3958 985 ab

1208 1040 1372 1093 uua
1436 1032 1665 1123 parte
1728 1012 1805 1093 in
1872 1012 2516 1127 hemicyclium,
2581 1010 2684 1099 ab
2729 1011 2910 1119 ‘alta
2975 1014 3058 1095 in
3123 1015 3416 1095 lineam
3451 1034 3758 1101 rectam
3817 1014 3956 1100 de-

1204 1127 1543 1209 sinebat.
1646 1134 2071 1239 Quaenam
2156 1129 2404 1215 huius
2493 1150 2898 1217 structura
2947 1190 2970 1235 ,
3061 1128 3550 1240 longitud0‚
3641 1132 3952 1249 quique

1200 1239 1373 1327 ludi
1420 1306 1447 1344 ‚
1510 1242 1816 1359 videsis‘
1856 1240 2418 1333 Romanarum
2484 1248 3070 1359 antiquitatum
3141 1248 3628 1332 collectores.

1434 1358 1773 1445 Circum
1836 1362 2077 1445 etiam
2138 1362 2764 1477 Hippodromus
2831 1361 2980 1445 l'uit
3045 1382 3596 1473 nuncupatus,
3633 1364 3946 1479 quippe

1198 1474 1537 1589 quodiu
1594 1476 1731 1559 illo
1762 1504 2163 1590 equorum
2224 1474 2399 1561 ludi
2431 1476 3040 1593 peragebantur.
3079 1476 3664 1561 Dioscurorum
3735 1481 3936 1565 ima·

1194 1591 1419 1699 gines
1482 1592 1565 1673 in
1626 1590 1873 1675 Circo
1936 1592 2227 1697 fuere;
2287 1624 2478 1679 uam
2537 1592 2854 1703 Castor,
2893 1614 2970 1677 et
3031 1590 3316 1681 Pollux
3377 1591 3624 1675 veluti
3691 1595 3938 1685 huius

1190 1703 1537 1791 aedificii
1600 1710 1980 1793 tutelares
2036 1707 2147 1793 dii
2212 1710 2469 1799 fuere.
2535 1711 2630 1799 ln
2695 1712 2854 1797 hoe
2921 1706 3264 1823 agebant
3325 1708 3930 1813 athletae,cur·

1192 1849 1471 1926 sores,
1574 1824 1953 1938 pugiles,
2050 1844 2129 1907 et
2188 1822 2652 1913 luctatores.
2715 1831 2894 1915 Nos
2985 1825 3544 1913 heie'interim
3625 1856 3778 1939 pro
3843 1854 3928 1917 re

1190 1956 1375 2023 nata
1440 1934 1541 2023 de
1608 1938 1941 2021 vetustis
1999 1942 2744 2053 Neapolitanorum
2806 1939 3020 2025 ludis
3083 1938 3326 2025 verba
3387 1941 3802 2023 faciemus.

1422 2054 1825 2139 Omnium
1887 2059 2201 2171 primus
2267 2054 2622 2137 occurrit
2709 2052 2960 2139 ludus
3043 2050 3728 2168 Quinquenualis.
3811 2056 3930 2141 Hi

1178 2166 1349 2255 ludi
1416 2170 1863 2281 nuncupati
1928 2169 2153 2253 suere
2212 2165 2316 2251 ab
2379 2166 2880 2281 Olympiade
2939 2187 3352 2269 exeunte,
3429 2190 3734 2255 aestate
3783 2200 3924 2255 ee..

1168 2284 1463 2372 lebrari
1526 2285 1741 2371 soliti
1784 2350 1811 2389 ‚
1886 2302 2420 2371 chamutum
2481 2280 2992 2370 adveniente.
3061 2281 3734 2398 Quinquenuales
3793 2284 3918 2371 lu.

1173 2401 1662 2487 di'iustituti
1730 2403 1956 2489 fuere
2012 2400 2096 2486 in
2160 2398 2510 2512 Augusti
2575 2398 3046 2507 honorem,
3105 2418 3200 2481 ut
3253 2396 3534 2486 scribit
3625 2405 3922 2489 Sueto*

1170 2520 1353 2603 nius
1418 2520 1497 2602 iu
1564 2524 1735 2604 eius
1792 2518 1953 2603 vita
2010 2548 2085 2604 c.
2152 2520 2260 2623 98
2327 2514 2548 2603 Mox
2619 2512 3056 2630 Neapolim
3165 2516 3562 2619 traiecit,
3625 2544 3913 2631 quam·-

1170 2664 1416 2747 quam
1471 2653 1555 2723 et.
1610 2654 1775 2721 tum
1862 2632 2191 2745 infirmit
2263 2632 2676 2719 intestmis
2753 2636 3048 2723 {morbo
3109 2632 3534 2735 variante,
3623 2654 3908 2721 tamem

1170 2768 1257 2835 et
1322 2754 1899 2866 quinquennale
1960 2770 2362 2839 certamen
2395 2748 2894 2866 gymnicum
2964 2754 3240 2839 honora·
3257 2770 3400 2837 suo
3459 2762 3900 2842 imitatum

1164 2872 1703 2986 per-spectavit.
1795 2873 1931 2953 Ea.
1974 2867 2416 2952 certamina
2517 2897 2658 2982 per
2751 2867 2838 2953 id
2898 2866 3292 2983 temporis
3375 2868 3894 2956 celeberrima

1162 2984 1409 3070 fu'sse
1464 3005 1795 3100 patet-ex
1856 3013 1953 3070 eo
2010 2982 2239 3099 quod
2299 2981 2599 3068 Statius
2655 2981 2851 3076 Silv.
2918 2983 3060 3070 lib.
3125 2983 3270 3070 ΙΙΙ.
3329 3013 3392 3068 c.
3431 2983 3485 3070 5
3551 3015 3886 3074 uxorem

1164 3121 1256 3180 ut
1320 3103 1743 3214 Neapolim
1840 3131 1887 3186 e
1943 3099 2203 3190 Roma
2269 3097 2819 3212 regrediatur,
2891 3100 3178 3185 invitat
3218 3163 3247 3204 ‚
3317 3099 3448 3214 ubi
3511 3131 3594 3185 ea
3687 3123 3882 3188 tune

1148 3215 1786 3306 celebrabantur.
1851 3219 1963 3306 Et
2022 3248 2119 3302 eo
2154 3249 2278 3304 res
2341 3215 2578 3302 rediit
2619 3279 2642 3324 ‚
2713 3235 2804 3304 ut
2839 3217 2990 3332 ipsi
3033 3223 3568 3336 Imperatores
3613 3219 3885 3328 Quin-

1024 3399 1031 3406 .
1146 3331 1579 3441 quennalis'
1625 3335 2215 3422 Duumviratus
2276 3332 2751 3446 dignitatem
2827 3335 3180 3452 accipere
3243 3334 3442 3445 passi
3507 3323 3872 3422 suerint:

1150 3445 1341 3526 hinc
1406 3469 1619 3531 extat
1682 3449 1903 3564 apud
1962 3455 2358 3538 Laseuam
2419 3479 2488 3535 e.
2567 3454 2616 3536 8
2684 3469 2986 3537 vetusta
3033 3447 3546 3564 epigraphes,
3585 3477 3678 3532 ΕΞ
3707 3479 3874 3562 ‘1¹1⁸

1138 3557 1693 3648 Commodum
1756 3567 2342 3680 Imperatorem
2408 3563 2752 3680 Neapoli
2814 3567 2970 3650 hoe
3031 3592 3370 3650 munere
3459 3560 3870 3652 donatum

1132 3677 1525 3785 arguitur.
1591 3689 1663 3763 A
1726 3683 2202 3766 Domitiano
2301 3679 2585 3796 triplex
2675 3682 3312 3796 Quinquennale
3401 3677 3876 3769 institutum

1131 3792 1539 3878 Musicum
1604 3827 1897 3914 nempe
1937 3861 1969 3904 ,
2040 3795 2440 3917 Equestre
2482 3859 2516 3904 ,
2585 3816 2664 3883 et
2724 3799 3264 3912 Gymnicum.
3330 3799 3426 3882 In
3491 3793 3708 3886 hisce
3789 3827 3872 3882 e-

1128 3910 1300 3992 uim
1360 3911 1577 3996 ludis
1633 3913 1932 4006 fiebant
1991 3911 2426 3998 certamina
2467 3975 2498 4016 ‚
2559 3940 2852 4028 nempe
2909 3942 3102 3999 cum
3171 3909 3634 4005 oratoribus
3669 3939 3862 4026 poe·

1127 4049 1253 4110 tae
1306 4057 1477 4112 sese
1536 4027 2079 4146 exercebant‘,
2145 4059 2460 4116 necnon
2525 4049 2607 4116 et
2665 4026 3014 4116 musices
3073 4051 3248 4114 arte
3310 4023 3706 4142 pollentes
3737 4027 3864 4114 iu·

1120 4173 1422 4230 venes:
1488 4147 1803 4258 patricii
1870 4173 2061 4233 vero
2130 4175 2324 4233 rum
2385 4147 2572 4230 solis
2629 4144 3215 4259 gladiatoribus
3274 4141 3724 4249 certabant,
3765 4166 3858 4226 ut

1114 4259 1371 4372 liquet
1432 4293 1524 4342 ex
1584 4263 2062 4376 Tranquillo
2122 4259 2203 4342 in
2264 4261 2618 4349 Claudio
2681 4293 2751 4348 e.
2815 4265 2952 4348 30.

716 4403 1071 4466 ruentium.
1356 4377 1871 4462 pancratium
1935 4377 2109 4464 ludi
2166 4407 2484 4490 genus,
2555 4377 2994 4478 Uernpo‘armv
3034 4439 3066 4481 ,
3137 4377 3226 4461 in
3327 4403 3494 4490 quo
3575 4371 3851 4459 adole-

1118 4509 1427 4573 scentes
1486 4491 1977 4602 pugnabant.
2038 4495 2192 4580 Hic
2255 4517 2526 4580 autem
2587 4495 2830 4582 ludus
2927 4493 3259 4610 proprie
3353 4491 3841 4604 athletarum

1108 4625 1273 4691 erat
1315 4667 1343 4708 ,
1404 4607 1547 4720 qui
1608 4607 1945 4718 quidem
2006 4607 2386 4731 pluribus
2443 4615 2987 4704 certaminum
3075 4607 3500 4726 generibus
3599 4605 3842 4706 dimi..

862 2051 1019 2108 Ludi.
