4487 5685
1253 399 1420 622 ὲιξῗιὸ
1461 505 1626 588 dies
1667 567 1696 610 ,
1799 523 1878 590 et
1941 499 2154 586 terra
2233 529 2836 618 quaquaversus
2926 499 3133 588 adeo
3236 505 3775 618 movebatur,
3876 531 3979 600 ut

1248 617 1766 733 Neapolitani
1865 617 2337 732 praesertim
2452 639 2807 708 mortem
2904 643 3330 708 cernerent
3440 650 3967 740 praesentem.

1251 745 1473 825 Haec
1531 735 1776 845 igitur
1835 755 2136 824 nostro·
2175 761 2377 820 aevo
2438 733 2731 819 accidit
2790 737 3323 846 conflagratio
3362 799 3391 843 ,
3488 769 3677 825 cum
3776 745 3970 826 aliae

1253 859 1526 972 plures
1591 853 2080 968 quotannis,
2169 873 2263 938 ut
2328 855 2431 935 ita
2492 851 2805 959 dican,
2870 853 3281 938 eveniunt.

1493 969 1870 1056 Attamen
1963 966 2146 1084 quis
2217 961 2640 1074 crederet,
2714 999 2935 1054 nunc
3024 997 3263 1056 mons
3356 971 3671 1087 placide
3758 973 3983 1084 quie-

1251 1088 1399 1175 scit
1439 1147 1464 1188 ,
1526 1107 1768 1199 atque
1829 1111 2185 1170 eversam
2246 1086 2533 1170 urbem
2600 1115 2817 1169 nune
2884 1115 3143 1200 nuper
3210 1087 3627 1173 meliorem
3693 1089 3775 1170 in
3811 1109 3963 1170 sta-

1249 1227 1436 1290 tum
1493 1229 1532 1286 e
1595 1201 2150 1288 fundamentis
2213 1204 2421 1290 cives
2484 1202 2961 1286 excitarunt.
3030 1197 3261 1288 Adeo
3322 1199 3595 1288 insana
3714 1203 3977 1286 homi·

1251 1349 1458 1406 num
1559 1347 1788 1402 mens
1827 1377 1860 1422 ,
1933 1314 2077 1432 qui
2163 1318 2269 1404 ad
2338 1321 2676 1436 propius
2772 1346 3096 1432 semper
3188 1318 3637 1432 periculum
3728 1318 3983 1401 vitam

1247 1433 1834 1551 tranquillam,
1925 1433 2451 1550 quietamque
2544 1442 2866 1546 agunt!
2960 1435 3181 1519 Hinc
3272 1435 3613 1520 maiores
3716 1435 3977 1518 nostri

1253 1551 1500 1636 huius
1563 1549 1868 1632 montis
1929 1544 2256 1660 ruinas,
2350 1553 2799 1666 perieulum
2842 1577 2879 1652 ,‘
2958 1551 3390 1663 etsignem
3476 1549 3977 1632 animadver-

1259 1688 1580 1766 tentes,
1692 1663 2046 1776 lapidem
2139 1663 2369 1752 illum
2459 1665 2679 1784 apud
2745 1661 3293 1752 Porticens'em
3380 1665 3650 1748 villam
3754 1691 3985 1746 secus

1259 1782 1472 1864 viam
1541 1777 1950 1890 publicam
2009 1779 2519 1868 collocarunt
2612 1801 2795 1894 post
2883 1779 3377 1867 horrendam
3472 1781 3984 1865 eructionem

1259 1899 1450 1982 anni
1510 1895 2076 1982 MDCXXXI-
2137 1900 2285 2012 qui
2340 1899 2682 2012 incipit:
2751 1898 3129 2004 Posteri,
3176 1905 3543 2015 posteri,
3590 1913 3839 1994 uestra
3880 1925 4001 1996 res

1255 2020 1526 2120 agitur
1599 2027 1756 2094 etc.
1823 2015 1938 2097 At
2001 2013 2347 2098 stultum
2408 2036 2527 2100 est
2593 2014 2963 2098 homines
3028 2043 3406 2118 monere,
3499 2033 3589 2105 ut
3684 2009 3981 2094 cecinit

1257 2144 1476 2210 vates
1540 2127 2020 2210 Venusinus
2083 2127 2222 2220 lib.
2286 2127 2353 2209 Ι.
2423 2127 2582 2214 Od.
2650 2133 2701 2212 3
2766 2157 2838 2209 v.
2916 2129 3022 2232 35

1489 2302 1508 2322 .
1579 2297 1596 2316 .
1657 2299 1682 2322 .
1755 2301 1772 2322 .
1839 2239 2148 2330 Audax
2207 2245 2479 2332 omnia
2538 2253 2856 2356 perpeti

1499 2355 1728 2440 Gens
1795 2361 2142 2442 humana
2177 2420 2200 2464 ,
2278 2368 2435 2442 ruit
2476 2387 2631 2470 per
2702 2365 3027 2452 vetitum
3092 2359 3347 2465 nefas.

1263 2476 1744 2556 Humanum
1817 2472 2353 2558 nihilominus
2408 2501 2667 2582 genua
2730 2499 3047 2585 semper
3106 2470 3371 2571 audax
3420 2469 3776 2580 *regionis
3836 2473 3986 2568 hu-

1259 2589 1384 2668 ius
1447 2587 1622 2670 heic
1687 2586 1939 2674 vitam
2001 2585 2525 2702 tranquillam
2590 2585 2812 2698 agit,
2874 2615 3129 2700 eaque
3182 2587 3359 2670 loca
3422 2585 3797 2672 homines
3854 2619 3985 2701 pe.-

1263 2703 1536 2786 ranxie
1593 2703 1700 2786 ad
1761 2694 2293 2790 incolendum
2330 2762 2363 2804 ,
2434 2701 3167 2814 rusticandumque
3228 2722 3649 2814 expetunt.

695 2910 702 2927 ,
803 2844 1120 2907 vomicae
1153 2862 1262 2903 ma.
1495 2823 1758 2905 Pauca
1817 2815 2120 2903 addam
2177 2815 2283 2901 de
2318 2817 2815 2919 Vesuvianis
2842 2815 3251 2903 materiis:
3318 2818 3499 2905 illae
3536 2820 3749 2905 enim
3783 2821 3989 2936 quae⁸

929 2926 1121 2993 “Q“
1269 2968 1520 3053 usqne
1583 2931 1838 3020 modo
1901 2960 1993 3015 ex
2054 2931 2393 3031 Vesuvii
2450 2930 2895 3018 visceribus
2980 2932 3361 3049 prodiere
3424 2937 3467 3043 (
3532 2936 3765 3021 hasce
3854 2966 3994 3020 no·

1261 3074 1545 3141 sti-ates
1605 3050 1854 3135 Lava
1913 3046 2185 3161 lingua
2246 3047 2503 3161 patria
2560 3078 2603 3133 a
2670 3048 3025 3165 pellant,
3084 3051 3275 3163 quia
3310 3050 3554 3153 veluti
3612 3080 3815 3166 aqua
3858 3051 3996 3135 de-

1158 3193 1169 3204 ‘
1260 3194 1592 3255 currens
1691 3163 1900 3277 ignis
1959 3192 2130 3249 esse
2224 3162 2549 3251 videtur
2712 3166 2903 3253 ferri
2986 3164 3471 3283 liquefacti,
3578 3157 3753 3253 sive
3816 3166 3981 3273 supi

1259 3282 1693 3393 imaginem
1755 3281 2310 3394 praeseferunt
2368 3302 2751 3388 externe,
2800 3279 2943 3368 sed
3006 3276 3486 3369 intrinsecus
3548 3284 3748 3395 haec
3816 3312 3979 3365 ma-

1261 3401 1496 3481 teries
1561 3398 1964 3479 variarum
2032 3426 2306 3479 rerum
2368 3416 2487 3481 est
2556 3400 3051 3485 commixtio.
3116 3398 3327 3501 Cum
3392 3398 3579 3481 haec
3646 3426 3844 3481 vero
3880 3428 3983 3499 eg

1257 3510 1739 3601 Vesuviania
1796 3512 2283 3623 producitur
2342 3512 2809 3601 fornacibus
2841 3505 2881 3622 ‚'
2928 3538 3125 3625 tunc
3188 3514 3430 3598 veluti
3470 3512 3983 3598 fermentum

1247 3646 1392 3710 aut
1447 3629 1716 3727 mollis
1773 3626 2094 3730 videtur
2157 3658 2435 3715 massa.
2498 3630 2623 3721 Ea
2686 3660 2881 3741 vero
2940 3632 3157 3717 lente
3192 3630 3549 3719 decurrit
3592 3690 3621 3733 ,
3696 3648 3977 3711 exten-

1249 3742 1638 3858 diturque
1699 3776 1843 3861 per
1899 3744 2235 3854 longum
2306 3746 2542 3851 viae,
2608 3778 2769 3865 qua
2835 3768 3110 3864 patet:
3174 3776 3368 3861 enm
3450 3766 3727 3861 auten}
3822 3744 3981 3837 hob

1256 3859 1472 3971 ignis
1531 3860 1845 3951 flumen
1911 3860 2350 3973 refrigescit
2394 3908 2433 3965 ,·
2482 3880 2683 3965 tunc
2746 3865 3431 3963 tenacissimarum
3472 3861 3990 3947 materiarum

1260 4003 1485 4061 mare
1573 3978 1802 4063 velut
1899 3998 2230 4090 apparet
2299 4039 2332 4081 ,
2428 3981 2657 4065 cuius
2718 3978 2985 4065 undae
3046 3978 3511 4093 fluctusque
3585 3975 3989 4081 sedantur.

1262 4092 1484 4287 gine
1543 4096 2044 4179 Mantuanus
2069 4112 2307 4207 poeta
2362 4094 2485 4202 ,sic
2546 4092 2651 4183 de
2710 4093 2952 4183 AEtna
3010 4096 3115 4181 ad
3176 4122 3351 4182 rem
3392 4094 3611 4181 canit
3664 4086 3985 4197 AEneid.

1351 4210 1408 4289 1.
1471 4238 1545 4295 v.
1617 4210 1666 4301 5
1727 4212 1810 4297 6.
3222 4236 3233 4247 ·

1269 4318 1374 4407 V
1363 4243 1716 4409 edimus-⁷
1733 4322 2202 4413 undantem
2276 4334 2546 4439 ruptis
2584 4330 3101 4437 fornacibus
3169 4324 3529 4414 AEmam

1260 4432 2048 4556 flammarumque
2137 4444 2432 4559 globos
2466 4506 2491 4552 ,
2552 4439 3193 4566 liqnefaceaque
3257 4444 3619 4529 volvere
3661 4467 3947 4541 ‘saa-a,

796 4563 878 4621 De
915 4560 1235 4634 ”aeut-ib·-
1505 4554 1906 4667 Mephitea
1971 4555 2202 4669 plura
2264 4556 2634 4647 efficiunt
2694 4563 3269 4679 phoenomena
3328 4556 3581 4646 oculis
3644 4558 3810 4651 visu
3874 4545 3996 4649 dj-

1258 4696 1412 4785 gna
1447 4730 1479 4777 ,
1549 4699 1756 4787 quae
1819 4674 2152 4801 quidem
2215 4675 2742 4793 reperiuntur
2798 4680 2885 4765 in
2954 4668 3497 4776 subterraneis
3531 4736 3560 4780 ,
3618 4692 3693 4761 et
3784 4668 3991 4783 lov-js
