4487 5685
517 449 652 546 ter?
719 443 934 544 duos
1003 439 1298 544 fluvios
1357 445 1712 538 Sarnum
1778 435 1919 568 (t)
1983 445 2290 536 scilicet
2320 505 2351 554 ,
2458 459 2539 530 et
2598 439 3068 530 Sebethum.
3134 344 3291 532 Ἐξ
3414 551 3419 556 ⁶

717 861 838 964 (t)
890 860 1032 937 Alii
1085 861 1328 938 locum
1379 857 1578 936 hunc
1598 857 1946 933 Sisennae
1997 855 2096 929 ita
2147 855 2467 955 legante.
2522 855 2859 932 Samum
2908 862 3145 952 inter,
3188 875 3261 934 et

533 967 976 1041 Draconem.
1027 959 1218 1036 Hinc
1266 956 1842 1063 quantoquidem
1893 953 1988 1030 ad
2037 955 2445 1028 Draconem
2482 959 2816 1033 venimus
2848 1013 2869 1052 ,
2926 959 3125 1034 haud
3155 963 3281 1037 abs·

523 1089 610 1142 re
663 1067 800 1140 erit
851 1063 1088 1164 aliqua
1139 1061 1230 1136 de
1283 1057 1540 1136 eodem
1589 1055 1992 1131 enucleare.
2045 1051 2373 1128 Huiusce
2424 1053 2634 1130 fluvii
2690 1059 3141 1134 mentionem
3164 1061 3275 1136 fa·-

527 1167 628 1240 cit
681 1165 1076 1264 Procopius
1130 1159 1220 1234 de
1265 1157 1460 1236 bello
1509 1155 1734 1232 Goth.
1789 1155 1914 1229 lib.
1971 1153 2113 1230 tv,
2169 1179 2229 1230 c.
2284 1153 2411 1229 36.
2480 1157 2821 1233 Cluenius
2910 1160 3077 1234 Ital.
3145 1184 3275 1234 an·

521 1265 650 1365 tiq.
709 1263 840 1336 lib.
897 1263 1028 1334 lv.
1083 1285 1151 1336 c.
1199 1261 1248 1336 3
1296 1259 1498 1336 hunc
1549 1257 1862 1334 fluvium
1912 1256 2202 1330 nullum
2256 1253 2483 1330 alium
2559 1257 2777 1330 fuisse
2868 1272 3203 1336 autumat
3255 1313 3281 1356 ‚

521 1387 744 1464 quam
795 1359 1118 1438 Samum
1185 1363 1490 1465 ipsum:
1603 1358 1866 1432 timum
1920 1354 2126 1457 quod
2201 1353 2599 1458 Procopius
2654 1357 2879 1432 huius
2910 1359 3143 1434 fontes
3179 1360 3273 1434 ad

519 1461 928 1536 Vesuvium
1015 1461 1266 1564 ponit;
1319 1485 1542 1536 secun
1595 1483 1644 1532 o
1689 1455 1892 1560 quod
1968 1454 2187 1531 tradit
2233 1453 2465 1530 fluere
2547 1457 2950 1534 Nuceriam
3076 1485 3273 1562 rope.-

527 1557 785 1664 Neque
839 1587 1012 1638 vero
1045 1561 1492 1664 Pellegrinio
1543 1575 1652 1633 est
1701 1551 2143 1634 credendum
2173 1606 2196 1644 ,
2264 1555 2395 1658 qui
2484 1571 2565 1631 ut
2621 1559 2941 1660 probet,
3014 1491 3283 1635 fimen-

523 1685 690 1734 nem
741 1661 1086 1756 extitisse,
1145 1660 1468 1736 Archivii
1519 1657 1893 1734 Trinitatis
1929 1655 2279 1732 cavensis
2306 1657 2811 1732 auctoritatem
2850 1657 3063 1734 affert
3096 1661 3297 1736 Disc.

523 1761 626 1836 11.
678 1785 833 1862 par.
887 1762 990 1858 24
1037 1761 1170 1836 ubi
1225 1761 1314 1836 de
1363 1751 1590 1835 fluvio
1623 1757 2040 1858 Dracontio
2073 1811 2098 1851 ,
2147 1767 2225 1829 'et
2247 1757 2753 1832 Draconcello
2779 1760 3090 1834 occurrit
3111 1785 3317 1834 men·-

527 1860 657 1935 tio.
720 1860 973 1961 Neque
1027 1862 1248 1936 etiam
1300 1859 1591 1936 illorum
1649 1855 2060 1934 auctoritati
2108 1855 2749 1956 adstipulandutn,
2800 1859 2930 1961 qui
2985 1877 3314 1934 asserunt

531 1958 924 2034 hodiedum
983 1961 1054 2033 in
1112 1961 1596 2036 subterraneis
1643 1957 2058 2036 Vesuvium
2111 1979 2337 2058 prope
2384 1957 2684 2031 alveum
2738 1980 3014 2052 extare,
3056 1983 3313 2062 quem-

531 2086 676 2160 que
729 2061 936 2134 aiunt
991 2079 1225 2140 nostra
1276 2067 1708 2164 tempestate
1757 2082 1882 2163 per
1931 2053 2247 2130 mediam
2288 2055 2585 2132 Turrim
2617 2057 2961 2139 Octavam
2980 2085 3109 2160 per
3134 2059 3311 2133 sub-

531 2175 886 2235 terraneas
937 2158 1084 2236 labi
1136 2161 1516 2238 scatebras.
1569 2157 1726 2238 Nec
1775 2182 1948 2236 vero
1999 2153 2615 2234 tandemillorum
2654 2155 2984 2236 ducenda
3012 2173 3122 2236 est
3146 2158 3311 2258 opi-

536 2262 710 2346 nio,·
757 2259 888 2356 q‘ui
943 2273 1266 2332 asserunt
1320 2263 1548 2358 ipsam
1599 2256 1902 2332 Turrim
1949 2255 2297 2330 Octavam
2348 2282 2549 2332 nunc
2586 2263 2794 2361 aquis
2830 2287 3052 2363 quam
3086 2257 3313 2336 maxi-

537 2357 672 2431 mis
725 2353 1138 2446 abundare,
1195 2381 1382 2456 quae
1434 2382 1520 2430 ex
1569 2352 1900 2430 Vesuvio
1953 2351 2369 2449 procedunt.
2716 2360 2724 2376 '

743 2455 860 2527 Cl.
911 2451 1310 2526 Vetranius
1359 2455 1434 2524 in
1487 2449 1790 2527 Sebetbi
1839 2446 2068 2522 vindi
2123 2475 2188 2521 c.
2250 2474 2295 2556 7
2327 2447 2574 2522 validis
2609 2459 3057 2554 argumentis
3098 2479 3315 2557 nega·

549 2579 628 2630 re
681 2553 944 2628 nititur
995 2577 1078 2626 ex
1119 2551 1444 2630 Nolanae
1493 2547 1830 2626 historiae
1882 2541 2306 2653 Collectorts
2339 2551 2761 2628 auctoritate
2798 2607 2823 2644 ,
2885 2557 3009 2630 ubi
3034 2557 3310 2652 scribit,

545 2656 750 2732 hunc
799 2651 1304 2731 Vesuvianum
1334 2651 1814 2726 Dracontium
1847 2669 2222 2748 nunqnam
2239 2648 2579 2724 extitisse.
2621 2651 2815 2727 Hinc
2846 2655 3089 2756 arguit
3122 2657 3321 2732 hune

549 2755 772 2840 fuisse
817 2749 1132 2829 eundem
1185 2775 1267 2826 ac
1315 2749 1692 2842 Samum,
1747 2743 1950 2822 haud
1999 2747 2325 2822 obstante
2386 2745 2808 2828 Surrentini
2893 2760 3319 2834 auctoritate

547 2856 626 2931 in
675 2856 867 2929 Hist.
929 2852 1208 2928 Vesuv.
1265 2880 1338 2932 c.
1398 2878 1490 2931 αι
1551 2848 1684 2955 qui
1735 2844 1937 2924 hunc
1985 2848 2303 2927 fluvium
2354 2848 2528 2929 olim
2588 2852 2983 2935 decurrisse
3028 2860 3317 2962 probat.

748 2952 864 3029 Ad
913 2951 1247 3029 Vetranii
1301 2955 1527 3029 nostri
1583 2949 2086 3028 auctoritatem
2139 2948 2361 3025 aliam
2413 2950 2765 3032 addemus
2800 2982 2886 3030 ex
2921 2958 3319 3033 Remondi-

555 3054 681 3132 nio
735 3054 1258 3155 depromptam,
1312 3053 1548 3157 quiin
1597 3050 1787 3127 Hist.
1839 3048 2011 3129 Nol.
2061 3048 2188 3125 lib.
2237 3052 2302 3124 Ι.
2343 3076 2407 3126 c.
2445 3080 2537 3155 ¹9
2587 3056 2845 3131 falsum
2884 3058 3183 3133 omnino
3216 3084 3327 3134 es·

553 3178 630 3231 se
677 3154 978 3245 scribit,
1025 3156 1506 3241 Dracontium
1562 3152 1872 3227 fluvium
1926 3150 2263 3225 extitisse.
2314 3151 2518 3230 quta
2580 3156 2889 3231 eundem
2960 3156 3083 3232 hic
3170 3160 3323 3235 ssu-

553 3255 712 3333 vius
765 3254 965 3329 idem
1017 3272 1125 3331 est
1173 3242 1256 3352 asc
1305 3254 1633 3343 Sarnus,
1682 3276 1813 3329 nec
1862 3248 2072 3326 aliter
2119 3250 2591 3353 intelligenda
2662 3259 2987 3359 Procopii
3064 3274 3317 3335 aucto*

553 3358 766 3433 ritas:
820 3354 939 3430 hic
989 3357 1190 3431 enini
1243 3356 1516 3431 fluvius
1566 3358 1736 3431 satis
1787 3364 1966 3428 esset
2015 3374 2325 3455 parvus,
2380 3372 2449 3429 et
2500 3358 2743 3435 brevis
2794 3356 3303 3459 longitudinist

556 3484 721 3537 cum
773 3459 1093 3533 Graecus
1147 3472 1398 3537 auctor
1449 3456 1660 3531 illum
1715 3477 2060 3557 magnum
2111 3476 2263 3529 esse
2310 3455 2603 3552 scribit,
2656 3458 2791 3534 etsi
2840 3458 3036 3534 iuxta
3090 3460 3319 3553 alios,

559 3560 688 3658 qui
741 3556 1061 3629 'eiusdem
1117 3580 1412 3628 cursum
1463 3552 1864 3628 extendunt
1909 3578 1952 3626 a
2005 3550 2441 3631 Vesuvianis
2492 3559 2725 3633 caveis
2766 3612 2789 3650 ,
2842 3573 3037 3633 recto
3090 3586 3310 3635 eursu

565 3654 655 3730 ad
705 3656 1002 3729 Turrim
1054 3678 1140 3727 us
1199 3676 1289 3727 ue
1338 3652 1686 3731 Octavam
1734 3650 2032 3727 fluitare
2083 3648 2399 3731 dicatur.
2454 3656 2549 3729 At
2600 3657 3080 3734 concedamus
3139 3661 3323 3735 Pro·-

565 3756 856 3859 copium
909 3753 1108 3828 hunc
1195 3752 1476 3829 invium
1527 3751 1888 3857 appellare
1936 3748 2389 3843 Draconem,
2436 3752 2655 3859 idque
2708 3781 2988 3847 verum,-
3032 3760 3109 3833 id
3133 3764 3332 3833 enim

563 3856 762 3930 haud
811 3858 1140 3953 mirum,
1174 3878 1362 3929 cum
1415 3852 1535 3933 hic
1583 3873 1842 3929 auctor
1885 3848 2300 3927 Gothorum
2365 3850 2745 3933 historiam
2798 3882 2883 3931 eo
2948 3858 3333 3936 elucubra-

574 3956 682 4033 vit
731 3955 893 4031 loco
938 4010 960 4048 ‚
1017 3956 1142 4031 uhi
1199 3976 1610 4033 nostrorum
1663 3953 1998 4031 locorum
2041 3952 2597 4055 topographiam
2648 3958 3033 4059 ignoravit.

773 4056 1376 4133 concludendum
1427 4056 1646 4161 igitur
1681 4108 1705 4145 ,
1751 4054 2224 4131 Dracontium
2284 4076 2433 4131 esse
2502 4058 2747 4159 ipsum
2820 4084 2905 4135 ac
2986 4060 3333 4151 Sat-num·

567 4156 796 4251 Quod
847 4162 905 4233 si
954 4158 1118 4261 quis
1167 4158 1458 4235 fluvius
1511 4164 1584 4235 in
1643 4156 1924 4257 Turris!
1947 4152 2273 4233 Octavae
2324 4156 2809 4235 subterraneis
2876 4184 3071 4235 nunc
3152 4179 3339 4247 tem-

585 4256 786 4375 poris
839 4258 1351 4337 subterlabitur
1395 4314 1418 4352 ‚
1473 4262 1536 4336 is
1586 4257 1700 4335 vel
1756 4257 2018 4359 aliquis
2065 4254 2277 4335 Sarni
2326 4256 2557 4359 ipsius
2606 4259 2889 4335 rivulus
2922 4310 2951 4351 2,
3009 4259 3121 4340 vel
3160 4257 3341 4355 alter

588 4361 844 4461 ignoti·
879 4359 1196 4436 nominis
1241 4358 1514 4437 fluvius
1553 4359 1878 4463 profecto
1926 4368 2056 4431 est.
2107 4356 2214 4431 Re
2264 4382 2437 4434 sane
2488 4382 2652 4439 vera
2704 4359 3029 4439 eruditus
3072 4362 3341 4439 Siann's

575 4460 654 4533 in
709 4486 934 4561 opere
970 4516 994 4553 ,
1103 4456 1249 4536 nod
1302 4483 1536 4564 nuper
1589 4456 1846 4549 edidit,
1898 4460 2265 4535 Memorie-
2305 4456 2381 4534 di
2432 4456 2663 4537 Sarno
2744 4484 2855 4563 ag.
2907 4460 3001 4537 30
3039 4474 3111 4537 et
3135 4486 3335 4564 seqq.

595 4574 926 4635 autumat
959 4614 982 4649 ‚
1035 4563 1070 4633 f
1107 4561 1356 4637 uvinm
1409 4562 1668 4637 multis
1719 4556 1988 4635 abhinc
2036 4558 2347 4635 saecu-lis
2393 4556 2471 4631 in
2521 4558 2639 4639 his
2715 4566 2863 4637 ocis
2946 4564 3339 4639 excurrisse

585 4658 722 4733 sub
771 4664 1068 4739 nomine
1117 4658 1466 4743 Draconis
1499 4712 1525 4757 2
1575 4656 1690 4741 vel
1737 4662 2076 4761 Veseris,
2129 4678 2202 4737 et
2253 4658 2453 4737 hunc
2502 4656 2957 4741 differentem
3028 4664 3121 4743 ab
3168 4660 3337 4741 Sar-
