4487 5685
801 3044 930 3099 Vrbs
967 3064 1118 3105 nova.

3897 387 3951 400 ‘¹-

1209 381 1368 484 164
2293 484 2302 490 ,
3272 477 3275 482 .
3318 475 3341 486 -

1191 498 1331 609 q'ui
1399 493 1696 578 dicitur
1761 487 1892 576 La
1955 503 2227 604 grotta
2292 494 2375 576 di
2438 485 2523 575 S.
2584 489 2901 602 magio.
2966 485 3062 570 In
3122 479 3649 568 subterraneo
3720 483 3913 568 loco

1197 633 1502 692 veteres
1563 609 1771 691 cives
1829 607 2022 690 huic
2083 607 2399 690 numini
2466 635 2681 690 saera
2746 601 3255 716 peragebant.
3296 603 3534 683 Extat
3586 625 3921 712 quoque

1191 723 1492 810 Stabiis
1553 729 1632 806 iu
1697 721 1990 808 sacello
2047 725 2535 808 Parochialis
2600 717 2997 805 Ecclesiae
3056 715 3195 799 SS.
3264 715 3705 800 Salvatoris
3788 744 3916 796 ce-

1196 841 1682 952 notaphium
1747 838 2265 952 piperninum
2328 838 2433 920 ab
2492 835 2777 921 eodem
2862 831 3234 918 Milantio
3332 829 3665 914 allatum
3748 829 3921 912 Dis·

1189 975 1376 1039 sert.
1439 959 1504 1039 Ι.
1566 985 1738 1069 pag.
1784 943 1938 1040 Ἐκ.
1999 957 2183 1039 Hoc
2241 953 2617 1040 laudatus
2678 971 2969 1035 auctor
3027 947 3267 1033 fuisse
3360 948 3593 1034 olim*
3650 975 3912 1058 reper-

1187 1091 1366 1155 tum
1429 1072 1686 1156 credit
1744 1072 1824 1152 in
1891 1097 1990 1156 eo
2083 1068 2514 1185 sepulchro
2598 1067 2923 1154 cuidam
3024 1071 3489 1180 Perpennae
3578 1063 3917 1148 colloca·

1199 1207 1438 1288 tum,
1497 1217 1808 1302 suoque
1869 1215 2066 1272 aevo
2123 1187 2643 1273 eruderatum
2704 1184 2787 1266 in
2850 1184 3037 1272 loco
3074 1245 3107 1282 ,
3180 1183 3321 1296 qui
3384 1182 3489 1266 ab
3526 1179 3929 1289 indigenis

1199 1307 1623 1416 Pioppano
1719 1301 2042 1386 dicitur.
2146 1304 2226 1388 Is
2328 1305 2545 1388 enim
2645 1319 2913 1388 narrat
2979 1359 3013 1403 ,
3142 1327 3547 1384 cameram
3632 1293 3922 1384 vidisse

1201 1419 1804 1526 subterraneam
1843 1481 1870 1526 ,
1931 1421 2012 1502 in
2075 1449 2242 1533 qua
2302 1449 2395 1504 ex
2458 1445 2865 1504 marmore
2927 1446 3129 1500 urna
3190 1433 3307 1501 est
3399 1441 3709 1532 reperta
3778 1419 3919 1502 ad·

1207 1535 1372 1618 huc
1475 1535 1790 1620 ossibus
1851 1533 2210 1649 repleta,
2300 1533 2407 1622 ad
2468 1538 2697 1617 cuius
2758 1531 3161 1617 cadaveris
3260 1552 3505 1645 caput
3592 1533 3917 1618 lucerua

1203 1671 1590 1738 cretacea.
1658 1659 1899 1737 Anno
1961 1681 2158 1738 vero
2216 1649 2843 1744 MDCCXXIX.
2906 1677 3167 1764 prope
3226 1651 3307 1734 S.
3340 1652 3593 1734 Marci
3633 1652 3919 1734 aedem

1207 1767 1548 1852 effossae
1603 1788 1794 1852 suut
1857 1769 2257 1882 quaedam
2320 1769 2881 1855 subterraneae
2936 1795 3355 1866 camerae,
3449 1763 3531 1848 in
3618 1766 3925 1880 quibus

1205 1902 1366 1964 tres
1428 1882 1672 1966 loculi
1733 1913 1828 1967 ex
1891 1887 2174 1999 tegulis
2235 1886 2561 1972 conflati
2598 1917 2623 1966 τ
2684 1884 2769 1968 in
2832 1911 3116 1967 eorum
3160 1909 3328 1966 uno
3363 1903 3725 1996 repertus
3761 1882 3921 1968 fuit

1199 2025 1494 2082 aeneus
1559 2021 2008 2082 nummusz
2071 2000 2377 2086 adhaec
2430 2001 2861 2084 disiectum
2926 1996 3081 2081 fait
3178 1996 3393 2080 inter
3473 1995 3700 2082 albos
3760 2031 3919 2113 pu·

1192 2112 1440 2198 mices
1503 2117 1922 2199 vasculum
2009 2115 2673 2226 lacrymatorium
2769 2143 2863 2196 ex
2922 2131 3160 2196 creta.
3228 2113 3352 2196 Ex
3414 2113 3699 2197 eodem
3746 2147 3919 2200 au·

1191 2247 1418 2312 ctore
1479 2229 1776 2314 ibidem
1840 2253 2359 2340 compertum
2456 2229 2845 2314 habemus
2906 2257 3125 2312 anno
3198 2225 3918 2314 MDCCXLVIIL

1135 2359 1152 2378 ⁶
1189 2343 1272 2424 in
1339 2373 1433 2428 eo
1495 2347 1734 2451 loce,
1795 2346 1944 2459 qui
2003 2345 2302 2428 dicitur
2372 2347 2798 2457 Caperrina
2836 2401 2861 2447 ,
2922 2369 3220 2457 nempe
3280 2369 3353 2470 ‘a
3406 2342 3665 2458 capite
3732 2346 3925 2452 rivi,

1187 2462 1333 2573 qui
1397 2491 1438 2542 a
1499 2463 1782 2544 vicinis
1839 2459 2253 2542 descendit
2316 2457 2726 2542 montibus
2767 2521 2791 2559 ‚
2857 2478 2936 2541 et
3018 2482 3349 2572 proprle
3420 2465 3552 2542 cui
3618 2491 3915 2550 nomen

1193 2572 1375 2658 villa
1479 2577 1648 2662 Caii
1697 2640 1725 2678 ,
1787 2578 2024 2687 vulgo
2122 2577 2533 2694 Volua-aja
2590 2574 2977 2660 effossum
3069 2575 3311 2660 fuisse
3398 2575 3739 2668 cadaver
3826 2584 3915 2668 in

1195 2692 1514 2778 tumulo
1577 2727 1670 2780 ex
1733 2691 2014 2804 tegulis
2075 2692 2469 2776 conflato.-
2530 2691 2611 2774 iu
2680 2721 3169 2806 unaquaque
3230 2724 3326 2780 ex
3364 2714 3575 2778 creta
3643 2697 3907 2811 teg-‚ula

1187 2807 1675 2922 impressum
1739 2827 1908 2893 erat
1966 2815 2078 2895 D.
2151 2807 2283 2899 Μ.
2352 2835 2507 2895 uua
2570 2825 2891 2896 tantum
2952 2832 3282 2927 excepta
3307 2876 3353 2918 „
3388 2841 3917 2931 supraquem

1189 2928 1336 3013 viri
1395 2930 1664 3038 imago
1725 2944 1890 3011 erat
1953 2922 2381 3009 delineata.
3825 2956 3847 2971 ·

1421 3048 1655 3127 Nova
1713 3034 1906 3125 urbs
1969 3038 2421 3127 hodiedum
2476 3036 2833 3154 adsurgit
2924 3040 3029 3129 ad
3088 3045 3339 3133 Aurei
3422 3052 3717 3137 montis
3778 3082 3903 3135 ra·-

1191 3161 1406 3241 dices
1446 3222 1470 3260 ‚
1523 3156 1775 3271 vulgo
1841 3168 2136 3245 Monte.
2201 3166 2489 3265 Fano,
2556 3191 2597 3241 a
2658 3161 2855 3275 fagis
2894 3222 2919 3263 ,
2982 3162 3285 3279 quibus
3340 3167 3469 3253 ille
3510 3167 3917 3271 abundat,²

1191 3276 1652 3390 diciturque
1711 3277 1949 3361 etiam
2015 3285 2305 3362 Monte
2380 3278 2469 3359 S.
2507 3275 2869 3391 ·Angelo
2932 3278 3032 3363 ab
3090 3280 3447 3368 aedicula
3494 3286 3705 3373 Divo
3740 3288 3901 3371 Mi-

1181 3391 1434 3473 chaeli
1527 3391 2038 3505 Archangelo
2099 3391 2389 3476 dicata.
2484 3392 2702 3479 Vrbs
2796 3396 2973 3481 iure
3036 3398 3485 3513 meritoque
3562 3421 3922 3512 propter

1181 3504 1386 3590 coeli
1480 3506 1990 3595 clementiam
2029 3571 2052 3615 ,
2113 3510 2317 3593 aeris
2418 3506 3041 3618 salubritatem,
3135 3512 3489 3599 fontium
3584 3516 3795 3601 rivos
3856 3532 3902 3620 ᾗ.

1183 3652 1664 3739 camporum
1707 3622 2389 3732 foecunditatem,
2452 3650 2887 3715 nemorum·
2920 3693 2943 3736 ,
2978 3660 3069 3715 ac
3102 3630 3485 3722 silvarum
3546 3632 3909 3717 fertilita-

1185 3764 1356 3827 tem
1427 3745 1828 3861 marisque
1885 3744 2462 3831 amoenitatem
2518 3747 3142 3834 commendatur
3180 3779 3213 3847 ξ
3300 3746 3493 3835 hinc
3588 3778 3907 3865 semper

1183 3860 1342 3943 fuit
1401 3862 1482 3945 in
1551 3860 1860 3976 pretia,
1923 3880 2166 3975 atque
2225 3862 2516 3975 iugiter
2574 3861 2947 3975 expetita.
3012 3866 3252 3952 Cives
3318 3886 3463 3947 aut
3504 3888 3906 3959 mercatu·-

1179 4006 1361 4082 rae,
1432 3998 1573 4062 aut
1633 3976 2107 4093 piscatoriae
2164 3981 2317 4061 arti
2380 3998 2570 4063 sunt
2626 3974 2995 4085 addicti3
3058 3982 3251 4073 hinc
3314 4000 3489 4087 est,
3590 4002 3686 4065 ut
3760 4011 3899 4095 op·
4028 4031 4039 4041 ·

1173 4115 1628 4206 portuuum
1697 4112 2119 4179 exerceant
2205 4122 2405 4179 cum
2496 4092 2783 4183 vicinis
2842 4096 3219 4205 gentibus
3282 4102 3905 4193 commercium,

1179 4213 1406 4297 Vrbs
1468 4242 1658 4299 vero
1715 4212 1797 4295 in
1859 4210 2132 4296 sedem
2171 4209 2779 4327 „Episcopalem
2826 4210 2981 4296 fuit
3042 4234 3317 4307 evecta
3356 4212 3735 4329 pluribus
3758 4212 3899 4299 ab·-

1177 4326 1372 4407 hinc
1433 4329 1787 4441 saeculis,
1851 4330 2060 4413 Sunt
2123 4325 2265 4442 qui
2307 4325 2827 4415 ‘arbitrantur
2864 4392 2894 4431 ,
2960 4330 3117 4417 iam
3182 4331 3287 4416 ab
3344 4362 3561 4417 anno
3632 4333 3897 4421 DCX.

1179 4438 1526 4527 eandem
1583 4476 1734 4530 suo
1797 4446 2182 4531 Praesule
2241 4442 2485 4527 fuisse
2546 4424 3041 4533 decoratam.
3082 4448 3703 4537 Vetustissimus
3742 4480 3903 4531 me.-

1177 4572 1545 4643 moratu’r
1603 4564 1686 4647 S.
1749 4564 2108 4683 {latenas
2164 4560 2372 4647 fama
2408 4620 2431 4667 ,
2492 4580 2731 4677 atque
2792 4566 3213 4653 sanctitate
3305 4568 3800 4687 conspicuus.
3841 4560 3891 4667 -j,
